"Order ID","Order Date","Ship Date","Ship Mode","Customer ID","Customer Name","Segment","Country","City","State","Postal Code","Region","Category","Sub-Category","Sales","Quantity","Discount","Profit"
"ORD-1","06/29/2025","07/03/2025","Standard Class","CUST-1","Customer 1","Consumer","United States","City1","State1","10001","East","Furniture","Furnishings","835825112","4","0.2","103783218413744841.20"
"ORD-2","07/30/2024","08/03/2024","Standard Class","CUST-2","Customer 2","Consumer","United States","City2","State2","10002","South","Technology","Accessories","1585193472","6","0","171070454953366272.0"
"ORD-3","03/20/2025","03/25/2025","Standard Class","CUST-3","Customer 3","Consumer","United States","City3","State3","10003","Central","Furniture","Chairs","1456048308","7","0.3","130540828451304212.4"
"ORD-4","10/21/2024","10/22/2024","Standard Class","CUST-4","Customer 4","Consumer","United States","City4","State4","10004","Central","Furniture","Bookcases","1865788077","9","0.5","176789832263055368.2"
"ORD-5","10/15/2025","10/16/2025","Standard Class","CUST-5","Customer 5","Consumer","United States","City5","State5","10005","East","Furniture","Bookcases","1193323356","7","0.3","350166485346372731.40"
"ORD-6","11/21/2024","11/24/2024","Standard Class","CUST-6","Customer 6","Consumer","United States","City6","State6","10006","Central","Office Supplies","Envelopes","1534126518","5","0.5","394193882284760162.2"
"ORD-7","12/26/2024","12/27/2024","Standard Class","CUST-7","Customer 7","Consumer","United States","City7","State7","10007","West","Furniture","Tables","913137196","7","0.1","78257235073346436.4"
"ORD-8","03/18/2025","03/20/2025","Standard Class","CUST-8","Customer 8","Consumer","United States","City8","State8","10008","East","Furniture","Bookcases","368469012","2","0.3","65239688022647878.20"
"ORD-9","10/04/2025","10/10/2025","Standard Class","CUST-9","Customer 9","Consumer","United States","City9","State9","10009","Central","Technology","Accessories","595157535","1","0.1","16750190053509607.25"
"ORD-10","08/01/2025","08/07/2025","Standard Class","CUST-10","Customer 10","Consumer","United States","City10","State10","10010","West","Technology","Accessories","1700677304","8","0.2","82351007637361988"
"ORD-11","09/29/2025","09/30/2025","Standard Class","CUST-11","Customer 11","Consumer","United States","City11","State11","10011","East","Furniture","Tables","927757393","8","0.4","65336159112131326.75"
"ORD-12","06/16/2025","06/21/2025","Standard Class","CUST-12","Customer 12","Consumer","United States","City12","State12","10012","East","Furniture","Furnishings","343222799","5","0.3","108560389775139389.8"
"ORD-13","06/12/2024","06/17/2024","Standard Class","CUST-13","Customer 13","Consumer","United States","City13","State13","10013","East","Technology","Accessories","810239302","1","0","42379680610755861.2"
"ORD-14","12/04/2025","12/07/2025","Standard Class","CUST-14","Customer 14","Consumer","United States","City14","State14","10014","West","Technology","Accessories","1538009584","2","0.2","449933244858794388.0"
"ORD-15","02/13/2025","02/16/2025","Standard Class","CUST-15","Customer 15","Consumer","United States","City15","State15","10015","East","Furniture","Tables","1441892491","8","0.2","359385485797139538.9"
"ORD-16","10/14/2024","10/16/2024","Standard Class","CUST-16","Customer 16","Consumer","United States","City16","State16","10016","East","Technology","Machines","1932301314","2","0.4","432168811543413548.6"
"ORD-17","05/24/2024","05/28/2024","Standard Class","CUST-17","Customer 17","Consumer","United States","City17","State17","10017","Central","Furniture","Furnishings","2085503751","7","0","243925177628064546.45"
"ORD-18","01/19/2024","01/23/2024","Standard Class","CUST-18","Customer 18","Consumer","United States","City18","State18","10018","South","Technology","Copiers","1364424102","9","0.5","235141978103493675.70"
"ORD-19","04/19/2024","04/22/2024","Standard Class","CUST-19","Customer 19","Consumer","United States","City19","State19","10019","South","Furniture","Chairs","811895751","4","0.3","27069026402346127.35"
"ORD-20","08/30/2025","08/31/2025","Standard Class","CUST-20","Customer 20","Consumer","United States","City20","State20","10020","Central","Office Supplies","Art","984282902","8","0.2","222806931632351361.50"
"ORD-21","02/23/2024","02/24/2024","Standard Class","CUST-21","Customer 21","Consumer","United States","City21","State21","10021","Central","Technology","Phones","1794033677","6","0.2","292560372259333479.95"
"ORD-22","06/20/2025","06/21/2025","Standard Class","CUST-22","Customer 22","Consumer","United States","City22","State22","10022","East","Technology","Copiers","897000642","9","0.2","164568081417228800.8"
"ORD-23","11/13/2024","11/17/2024","Standard Class","CUST-23","Customer 23","Consumer","United States","City23","State23","10023","East","Office Supplies","Binders","1861884715","7","0.1","392284662900807833.5"
"ORD-24","10/04/2025","10/05/2025","Standard Class","CUST-24","Customer 24","Consumer","United States","City24","State24","10024","Central","Office Supplies","Binders","382810711","9","0.4","58103327180502592.3"
"ORD-25","11/21/2024","11/22/2024","Standard Class","CUST-25","Customer 25","Consumer","United States","City25","State25","10025","South","Technology","Phones","264315559","6","0.3","44327459577235093.7"
"ORD-26","04/01/2025","04/04/2025","Standard Class","CUST-26","Customer 26","Consumer","United States","City26","State26","10026","West","Furniture","Furnishings","255446011","8","0.5","23683595844073359.15"
"ORD-27","06/21/2025","06/22/2025","Standard Class","CUST-27","Customer 27","Consumer","United States","City27","State27","10027","West","Technology","Accessories","864570984","3","0","149321841239349886.80"
"ORD-28","04/23/2024","04/26/2024","Standard Class","CUST-28","Customer 28","Consumer","United States","City28","State28","10028","West","Office Supplies","Paper","720731540","3","0.1","188786986557079008.0"
"ORD-29","09/29/2024","10/02/2024","Standard Class","CUST-29","Customer 29","Consumer","United States","City29","State29","10029","Central","Furniture","Tables","2098405152","5","0.2","56975302104004160.80"
"ORD-30","09/08/2024","09/09/2024","Standard Class","CUST-30","Customer 30","Consumer","United States","City30","State30","10030","South","Office Supplies","Art","384207312","3","0.1","2946524526983577.2"
"ORD-31","02/22/2024","02/25/2024","Standard Class","CUST-31","Customer 31","Consumer","United States","City31","State31","10031","South","Furniture","Bookcases","511139059","6","0.4","39264372502991489.05"
"ORD-32","02/02/2024","02/03/2024","Standard Class","CUST-32","Customer 32","Consumer","United States","City32","State32","10032","Central","Office Supplies","Storage","1102813076","8","0","89868193671279575.2"
"ORD-33","10/08/2025","10/10/2025","Standard Class","CUST-33","Customer 33","Consumer","United States","City33","State33","10033","East","Furniture","Furnishings","2096995807","5","0.4","588553710139441205.05"
"ORD-34","06/30/2025","07/03/2025","Standard Class","CUST-34","Customer 34","Consumer","United States","City34","State34","10034","West","Office Supplies","Binders","2138854035","6","0.2","230547976462427908.0"
"ORD-35","03/28/2025","03/30/2025","Standard Class","CUST-35","Customer 35","Consumer","United States","City35","State35","10035","East","Furniture","Chairs","1760152445","5","0.5","563391077260011995.75"
"ORD-36","06/21/2024","06/25/2024","Standard Class","CUST-36","Customer 36","Consumer","United States","City36","State36","10036","Central","Technology","Machines","1532128667","2","0.5","49243600745932131.05"
"ORD-37","08/22/2025","08/24/2025","Standard Class","CUST-37","Customer 37","Consumer","United States","City37","State37","10037","South","Furniture","Chairs","1452578828","7","0.4","167819306870227396.20"
"ORD-38","04/19/2025","04/21/2025","Standard Class","CUST-38","Customer 38","Consumer","United States","City38","State38","10038","South","Technology","Copiers","1165022524","2","0.4","217798072188451702.0"
"ORD-39","09/06/2025","09/09/2025","Standard Class","CUST-39","Customer 39","Consumer","United States","City39","State39","10039","West","Furniture","Furnishings","728578108","1","0.3","93206543780138834.60"
"ORD-40","06/16/2024","06/20/2024","Standard Class","CUST-40","Customer 40","Consumer","United States","City40","State40","10040","South","Furniture","Bookcases","910171763","6","0.4","126442297829808583.65"
"ORD-41","08/02/2025","08/06/2025","Standard Class","CUST-41","Customer 41","Consumer","United States","City41","State41","10041","South","Technology","Phones","1680959796","5","0.5","375224218836194662"
"ORD-42","09/13/2025","09/14/2025","Standard Class","CUST-42","Customer 42","Consumer","United States","City42","State42","10042","East","Office Supplies","Binders","1419102344","9","0.3","336055075955727802"
"ORD-43","01/28/2025","02/03/2025","Standard Class","CUST-43","Customer 43","Consumer","United States","City43","State43","10043","East","Furniture","Bookcases","295111432","4","0.4","54918591776788268.8"
"ORD-44","02/13/2024","02/17/2024","Standard Class","CUST-44","Customer 44","Consumer","United States","City44","State44","10044","South","Furniture","Tables","1638858931","3","0.2","407997524316485037.15"
"ORD-45","09/07/2024","09/12/2024","Standard Class","CUST-45","Customer 45","Consumer","United States","City45","State45","10045","East","Office Supplies","Envelopes","1116057496","3","0.2","13980928088498833.20"
"ORD-46","08/01/2024","08/05/2024","Standard Class","CUST-46","Customer 46","Consumer","United States","City46","State46","10046","South","Technology","Copiers","451651145","4","0.3","140537171390381989.0"
"ORD-47","05/23/2024","05/26/2024","Standard Class","CUST-47","Customer 47","Consumer","United States","City47","State47","10047","Central","Office Supplies","Storage","1330254075","7","0.4","70327112995048542.5"
"ORD-48","10/14/2024","10/20/2024","Standard Class","CUST-48","Customer 48","Consumer","United States","City48","State48","10048","East","Office Supplies","Storage","786190463","9","0.2","8135328936745879.4"
"ORD-49","04/03/2024","04/04/2024","Standard Class","CUST-49","Customer 49","Consumer","United States","City49","State49","10049","West","Furniture","Furnishings","579481909","6","0","68640965827637658.95"
"ORD-50","11/18/2024","11/24/2024","Standard Class","CUST-50","Customer 50","Consumer","United States","City50","State50","10050","West","Technology","Phones","244680511","7","0.3","59377618977449098.4"
"ORD-51","04/08/2025","04/13/2025","Standard Class","CUST-51","Customer 51","Consumer","United States","City51","State51","10051","Central","Technology","Accessories","2072316988","6","0.3","233563348313147946.20"
"ORD-52","12/09/2024","12/14/2024","Standard Class","CUST-52","Customer 52","Consumer","United States","City52","State52","10052","East","Office Supplies","Envelopes","1317993982","4","0.2","270656411794516690.2"
"ORD-53","08/22/2025","08/24/2025","Standard Class","CUST-53","Customer 53","Consumer","United States","City53","State53","10053","Central","Technology","Accessories","59718104","4","0.5","2046212383855204.4"
"ORD-54","09/21/2025","09/24/2025","Standard Class","CUST-54","Customer 54","Consumer","United States","City54","State54","10054","East","Technology","Copiers","2092339162","6","0.4","159901442488877984.2"
"ORD-55","08/19/2024","08/20/2024","Standard Class","CUST-55","Customer 55","Consumer","United States","City55","State55","10055","South","Office Supplies","Envelopes","1770731872","5","0.2","500843405886641397.6"
"ORD-56","01/27/2025","01/31/2025","Standard Class","CUST-56","Customer 56","Consumer","United States","City56","State56","10056","East","Technology","Copiers","1550809633","8","0.1","108864985577924449.45"
"ORD-57","08/31/2024","09/06/2024","Standard Class","CUST-57","Customer 57","Consumer","United States","City57","State57","10057","East","Technology","Copiers","965938738","2","0.5","56700223292440241.10"
"ORD-58","09/02/2025","09/07/2025","Standard Class","CUST-58","Customer 58","Consumer","United States","City58","State58","10058","West","Furniture","Furnishings","260456964","8","0.2","81885145002476410.0"
"ORD-59","08/17/2024","08/21/2024","Standard Class","CUST-59","Customer 59","Consumer","United States","City59","State59","10059","Central","Furniture","Chairs","1377218167","3","0.5","407731101117148112.25"
"ORD-60","01/26/2024","01/28/2024","Standard Class","CUST-60","Customer 60","Consumer","United States","City60","State60","10060","West","Furniture","Furnishings","365976745","3","0.4","116470858361889061.0"
"ORD-61","01/08/2025","01/12/2025","Standard Class","CUST-61","Customer 61","Consumer","United States","City61","State61","10061","West","Technology","Phones","1013627386","9","0.4","155077384862404171.30"
"ORD-62","01/29/2024","02/03/2024","Standard Class","CUST-62","Customer 62","Consumer","United States","City62","State62","10062","East","Technology","Machines","1409237274","9","0","309350611468993571.70"
"ORD-63","02/21/2025","02/24/2025","Standard Class","CUST-63","Customer 63","Consumer","United States","City63","State63","10063","East","Technology","Machines","701406262","2","0","158340348626057565.2"
"ORD-64","05/17/2025","05/23/2025","Standard Class","CUST-64","Customer 64","Consumer","United States","City64","State64","10064","South","Office Supplies","Binders","967974729","8","0","272268107934149294.85"
"ORD-65","01/17/2025","01/19/2025","Standard Class","CUST-65","Customer 65","Consumer","United States","City65","State65","10065","South","Office Supplies","Storage","435424438","8","0.3","38217081243900770.90"
"ORD-66","03/24/2024","03/30/2024","Standard Class","CUST-66","Customer 66","Consumer","United States","City66","State66","10066","Central","Office Supplies","Storage","1950226085","2","0","391082510660948923.0"
"ORD-67","10/02/2024","10/03/2024","Standard Class","CUST-67","Customer 67","Consumer","United States","City67","State67","10067","South","Technology","Phones","454703663","8","0","4260996787831351.9"
"ORD-68","06/21/2024","06/25/2024","Standard Class","CUST-68","Customer 68","Consumer","United States","City68","State68","10068","Central","Technology","Copiers","1372903470","1","0.1","185854003301848035.50"
"ORD-69","06/24/2025","06/26/2025","Standard Class","CUST-69","Customer 69","Consumer","United States","City69","State69","10069","East","Furniture","Furnishings","444363081","7","0.5","79721591897504299.3"
"ORD-70","08/22/2025","08/24/2025","Standard Class","CUST-70","Customer 70","Consumer","United States","City70","State70","10070","Central","Technology","Machines","1304265389","4","0.2","164315531529114024.8"
"ORD-71","10/01/2024","10/06/2024","Standard Class","CUST-71","Customer 71","Consumer","United States","City71","State71","10071","West","Furniture","Bookcases","1240055333","2","0.4","134883870780603839.55"
"ORD-72","10/10/2025","10/13/2025","Standard Class","CUST-72","Customer 72","Consumer","United States","City72","State72","10072","West","Furniture","Chairs","1716395191","1","0","224789100200581238"
"ORD-73","08/22/2024","08/25/2024","Standard Class","CUST-73","Customer 73","Consumer","United States","City73","State73","10073","East","Furniture","Chairs","1075107593","6","0.1","265498614488350457.7"
"ORD-74","11/05/2024","11/08/2024","Standard Class","CUST-74","Customer 74","Consumer","United States","City74","State74","10074","West","Office Supplies","Envelopes","716651975","7","0.4","187672158932704331.25"
"ORD-75","09/25/2025","10/01/2025","Standard Class","CUST-75","Customer 75","Consumer","United States","City75","State75","10075","West","Office Supplies","Art","677320616","8","0.3","214981177682711065.60"
"ORD-76","07/23/2025","07/26/2025","Standard Class","CUST-76","Customer 76","Consumer","United States","City76","State76","10076","West","Furniture","Chairs","1359903375","2","0.3","395627669465605620.0"
"ORD-77","12/16/2024","12/20/2024","Standard Class","CUST-77","Customer 77","Consumer","United States","City77","State77","10077","Central","Furniture","Chairs","1281265072","4","0.1","281636323305851350"
"ORD-78","05/02/2024","05/04/2024","Standard Class","CUST-78","Customer 78","Consumer","United States","City78","State78","10078","East","Office Supplies","Envelopes","1558076777","3","0.2","246030884667540552.2"
"ORD-79","01/16/2025","01/17/2025","Standard Class","CUST-79","Customer 79","Consumer","United States","City79","State79","10079","South","Office Supplies","Paper","110545531","8","0.3","18276334604338852.4"
"ORD-80","02/05/2024","02/07/2024","Standard Class","CUST-80","Customer 80","Consumer","United States","City80","State80","10080","Central","Furniture","Tables","2132893050","4","0.3","200741933389727092.50"
"ORD-81","06/04/2024","06/05/2024","Standard Class","CUST-81","Customer 81","Consumer","United States","City81","State81","10081","South","Technology","Machines","1158953871","8","0.5","196315953237358487.2"
"ORD-82","06/07/2024","06/11/2024","Standard Class","CUST-82","Customer 82","Consumer","United States","City82","State82","10082","South","Technology","Copiers","1347541581","2","0.5","11995706542210521.4"
"ORD-83","06/29/2024","07/01/2024","Standard Class","CUST-83","Customer 83","Consumer","United States","City83","State83","10083","Central","Furniture","Furnishings","1483228928","8","0.1","459514345926302646.00"
"ORD-84","10/29/2024","11/04/2024","Standard Class","CUST-84","Customer 84","Consumer","United States","City84","State84","10084","Central","Technology","Accessories","515834835","6","0","128266310717916739.5"
"ORD-85","06/17/2024","06/21/2024","Standard Class","CUST-85","Customer 85","Consumer","United States","City85","State85","10085","West","Office Supplies","Art","576400471","6","0.4","169564480906894932.85"
"ORD-86","05/09/2024","05/10/2024","Standard Class","CUST-86","Customer 86","Consumer","United States","City86","State86","10086","East","Furniture","Bookcases","1369620550","7","0","392417049926841560.0"
"ORD-87","12/01/2024","12/02/2024","Standard Class","CUST-87","Customer 87","Consumer","United States","City87","State87","10087","South","Furniture","Bookcases","192246483","3","0.2","26411098890558955.45"
"ORD-88","06/11/2025","06/17/2025","Standard Class","CUST-88","Customer 88","Consumer","United States","City88","State88","10088","Central","Office Supplies","Paper","728302748","9","0.1","210121253630272483.2"
"ORD-89","06/11/2024","06/17/2024","Standard Class","CUST-89","Customer 89","Consumer","United States","City89","State89","10089","East","Furniture","Chairs","802904390","4","0.4","254267080267736854.50"
"ORD-90","04/28/2024","05/02/2024","Standard Class","CUST-90","Customer 90","Consumer","United States","City90","State90","10090","Central","Technology","Phones","74671675","7","0.1","7268943533908930.0"
"ORD-91","03/26/2024","03/28/2024","Standard Class","CUST-91","Customer 91","Consumer","United States","City91","State91","10091","East","Office Supplies","Envelopes","2040001565","5","0.3","509923773585222247.75"
"ORD-92","02/10/2025","02/14/2025","Standard Class","CUST-92","Customer 92","Consumer","United States","City92","State92","10092","West","Furniture","Tables","1045940263","9","0.2","135378098596787538.9"
"ORD-93","06/19/2024","06/25/2024","Standard Class","CUST-93","Customer 93","Consumer","United States","City93","State93","10093","Central","Office Supplies","Paper","868747941","3","0.5","164303524342903925.2"
"ORD-94","01/21/2024","01/24/2024","Standard Class","CUST-94","Customer 94","Consumer","United States","City94","State94","10094","South","Technology","Accessories","989955949","6","0.2","152145325442001922.05"
"ORD-95","02/27/2024","03/02/2024","Standard Class","CUST-95","Customer 95","Consumer","United States","City95","State95","10095","South","Technology","Copiers","1103025946","2","0.5","226802526469171435.8"
"ORD-96","04/25/2025","05/01/2025","Standard Class","CUST-96","Customer 96","Consumer","United States","City96","State96","10096","East","Furniture","Bookcases","859039197","2","0.4","263803391727249391.55"
"ORD-97","07/19/2024","07/25/2024","Standard Class","CUST-97","Customer 97","Consumer","United States","City97","State97","10097","Central","Technology","Accessories","933155938","3","0.4","219444559314012378.10"
"ORD-98","02/03/2025","02/07/2025","Standard Class","CUST-98","Customer 98","Consumer","United States","City98","State98","10098","Central","Furniture","Bookcases","1291625108","9","0.5","53908113007302564.20"
"ORD-99","06/24/2024","06/29/2024","Standard Class","CUST-99","Customer 99","Consumer","United States","City99","State99","10099","Central","Furniture","Furnishings","255097570","1","0","3416775934228748.0"
"ORD-100","11/27/2025","12/01/2025","Standard Class","CUST-100","Customer 100","Consumer","United States","City100","State100","10100","East","Technology","Copiers","258374367","6","0","31050192637238700.15"
"ORD-101","09/24/2025","09/29/2025","Standard Class","CUST-101","Customer 101","Consumer","United States","City101","State101","10101","West","Technology","Machines","1346295936","6","0.1","210724315419849724.40"
"ORD-102","05/31/2025","06/04/2025","Standard Class","CUST-102","Customer 102","Consumer","United States","City102","State102","10102","South","Technology","Copiers","929004147","4","0.1","85315662300023623.25"
"ORD-103","06/21/2025","06/22/2025","Standard Class","CUST-103","Customer 103","Consumer","United States","City103","State103","10103","Central","Technology","Machines","1152551516","3","0.4","137017743715849923.00"
"ORD-104","12/12/2024","12/16/2024","Standard Class","CUST-104","Customer 104","Consumer","United States","City104","State104","10104","East","Technology","Phones","1943860061","5","0.1","426071987818088294.55"
"ORD-105","05/22/2024","05/27/2024","Standard Class","CUST-105","Customer 105","Consumer","United States","City105","State105","10105","Central","Furniture","Furnishings","189391697","3","0","39427941649330984.75"
"ORD-106","08/04/2025","08/07/2025","Standard Class","CUST-106","Customer 106","Consumer","United States","City106","State106","10106","South","Office Supplies","Envelopes","1760659533","3","0.1","12257759206553381"
"ORD-107","03/09/2024","03/10/2024","Standard Class","CUST-107","Customer 107","Consumer","United States","City107","State107","10107","South","Furniture","Tables","129818867","1","0","30151556066174446.6"
"ORD-108","08/30/2024","09/04/2024","Standard Class","CUST-108","Customer 108","Consumer","United States","City108","State108","10108","West","Office Supplies","Storage","1093393156","3","0.5","155238156354181523.40"
"ORD-109","04/10/2024","04/15/2024","Standard Class","CUST-109","Customer 109","Consumer","United States","City109","State109","10109","South","Furniture","Bookcases","1259741297","7","0.4","172231976129856282.3"
"ORD-110","04/12/2024","04/18/2024","Standard Class","CUST-110","Customer 110","Consumer","United States","City110","State110","10110","Central","Furniture","Bookcases","1728748644","9","0.3","294151952393574852.60"
"ORD-111","11/28/2025","12/02/2025","Standard Class","CUST-111","Customer 111","Consumer","United States","City111","State111","10111","South","Office Supplies","Art","1327042358","3","0.3","395204587894337680.6"
"ORD-112","07/31/2025","08/03/2025","Standard Class","CUST-112","Customer 112","Consumer","United States","City112","State112","10112","West","Furniture","Chairs","687566971","9","0","213307748900586321.8"
"ORD-113","11/06/2025","11/11/2025","Standard Class","CUST-113","Customer 113","Consumer","United States","City113","State113","10113","Central","Technology","Machines","651259145","3","0.1","75094573138321732.5"
"ORD-114","11/15/2025","11/16/2025","Standard Class","CUST-114","Customer 114","Consumer","United States","City114","State114","10114","East","Office Supplies","Envelopes","1474159949","5","0.4","13236492427482605.55"
"ORD-115","06/04/2025","06/10/2025","Standard Class","CUST-115","Customer 115","Consumer","United States","City115","State115","10115","South","Office Supplies","Art","1646052516","4","0.4","434710653369916479.80"
"ORD-116","08/13/2025","08/18/2025","Standard Class","CUST-116","Customer 116","Consumer","United States","City116","State116","10116","West","Technology","Accessories","1991551523","7","0.3","401544822164181392.35"
"ORD-117","09/16/2025","09/17/2025","Standard Class","CUST-117","Customer 117","Consumer","United States","City117","State117","10117","South","Furniture","Furnishings","2000336096","2","0","406421195693634827.20"
"ORD-118","03/13/2025","03/16/2025","Standard Class","CUST-118","Customer 118","Consumer","United States","City118","State118","10118","South","Office Supplies","Envelopes","545326378","4","0.5","174668131388019977.70"
"ORD-119","10/02/2024","10/07/2024","Standard Class","CUST-119","Customer 119","Consumer","United States","City119","State119","10119","East","Technology","Machines","841854397","6","0.5","203874140794956611.1"
"ORD-120","06/07/2025","06/12/2025","Standard Class","CUST-120","Customer 120","Consumer","United States","City120","State120","10120","South","Furniture","Tables","1747506945","5","0.5","150057643551808730.5"
"ORD-121","05/07/2024","05/12/2024","Standard Class","CUST-121","Customer 121","Consumer","United States","City121","State121","10121","Central","Furniture","Tables","1895347262","1","0","192091205177073131.50"
"ORD-122","04/23/2024","04/26/2024","Standard Class","CUST-122","Customer 122","Consumer","United States","City122","State122","10122","South","Furniture","Furnishings","2090131555","3","0","459545084050686471.5"
"ORD-123","11/11/2025","11/17/2025","Standard Class","CUST-123","Customer 123","Consumer","United States","City123","State123","10123","Central","Furniture","Chairs","2139887869","3","0.5","521798962826822255.1"
"ORD-124","09/01/2024","09/07/2024","Standard Class","CUST-124","Customer 124","Consumer","United States","City124","State124","10124","South","Office Supplies","Art","1970626326","8","0","479648510918315490.90"
"ORD-125","08/31/2025","09/04/2025","Standard Class","CUST-125","Customer 125","Consumer","United States","City125","State125","10125","East","Technology","Accessories","201273045","6","0.3","3148662500659917.0"
"ORD-126","02/20/2025","02/23/2025","Standard Class","CUST-126","Customer 126","Consumer","United States","City126","State126","10126","East","Office Supplies","Envelopes","396964288","4","0.5","20358571655956436.4"
"ORD-127","07/06/2024","07/10/2024","Standard Class","CUST-127","Customer 127","Consumer","United States","City127","State127","10127","Central","Furniture","Tables","324584905","5","0.1","33575400823129490.5"
"ORD-128","08/11/2025","08/16/2025","Standard Class","CUST-128","Customer 128","Consumer","United States","City128","State128","10128","West","Technology","Accessories","782594633","1","0.3","248508725093327610.85"
"ORD-129","05/17/2024","05/18/2024","Standard Class","CUST-129","Customer 129","Consumer","United States","City129","State129","10129","South","Furniture","Bookcases","344661673","8","0","109411156339261163.15"
"ORD-130","09/23/2025","09/26/2025","Standard Class","CUST-130","Customer 130","Consumer","United States","City130","State130","10130","Central","Furniture","Tables","169233909","9","0.4","52483405357634927.3"
"ORD-131","02/22/2025","02/27/2025","Standard Class","CUST-131","Customer 131","Consumer","United States","City131","State131","10131","South","Technology","Machines","2018628232","1","0.4","34031435965843202.80"
"ORD-132","03/03/2025","03/08/2025","Standard Class","CUST-132","Customer 132","Consumer","United States","City132","State132","10132","Central","Technology","Machines","1920077173","5","0.4","174669415435609310.2"
"ORD-133","07/16/2025","07/22/2025","Standard Class","CUST-133","Customer 133","Consumer","United States","City133","State133","10133","West","Furniture","Bookcases","395534350","5","0.3","69558254491096595.0"
"ORD-134","08/07/2024","08/13/2024","Standard Class","CUST-134","Customer 134","Consumer","United States","City134","State134","10134","West","Technology","Copiers","1980430296","6","0.4","609982276073314457.6"
"ORD-135","10/31/2024","11/02/2024","Standard Class","CUST-135","Customer 135","Consumer","United States","City135","State135","10135","West","Office Supplies","Envelopes","739910117","2","0.2","83614195224326150.6"
"ORD-136","04/19/2024","04/20/2024","Standard Class","CUST-136","Customer 136","Consumer","United States","City136","State136","10136","West","Technology","Accessories","1936598562","5","0","379213866286567036.2"
"ORD-137","10/19/2024","10/21/2024","Standard Class","CUST-137","Customer 137","Consumer","United States","City137","State137","10137","Central","Furniture","Furnishings","324444768","9","0.4","51852045555489104.00"
"ORD-138","12/01/2024","12/03/2024","Standard Class","CUST-138","Customer 138","Consumer","United States","City138","State138","10138","Central","Technology","Machines","745039411","6","0","138122038240260810.35"
"ORD-139","03/17/2024","03/23/2024","Standard Class","CUST-139","Customer 139","Consumer","United States","City139","State139","10139","Central","Technology","Copiers","55539710","8","0.5","8245961701910376.50"
"ORD-140","09/16/2024","09/18/2024","Standard Class","CUST-140","Customer 140","Consumer","United States","City140","State140","10140","South","Furniture","Tables","1063512873","2","0.1","128553569102258118.35"
"ORD-141","06/23/2025","06/29/2025","Standard Class","CUST-141","Customer 141","Consumer","United States","City141","State141","10141","South","Technology","Accessories","631294740","2","0.4","193684922715220556.0"
"ORD-142","08/07/2025","08/08/2025","Standard Class","CUST-142","Customer 142","Consumer","United States","City142","State142","10142","East","Office Supplies","Art","384523732","6","0.3","47189105787575864.60"
"ORD-143","05/24/2025","05/25/2025","Standard Class","CUST-143","Customer 143","Consumer","United States","City143","State143","10143","East","Furniture","Furnishings","1430798670","5","0","390614393805410943.0"
"ORD-144","07/12/2024","07/16/2024","Standard Class","CUST-144","Customer 144","Consumer","United States","City144","State144","10144","Central","Office Supplies","Envelopes","179737914","5","0.1","16873011259670165.0"
"ORD-145","05/09/2024","05/12/2024","Standard Class","CUST-145","Customer 145","Consumer","United States","City145","State145","10145","South","Office Supplies","Binders","282645410","4","0.1","16113334736630950.50"
"ORD-146","01/06/2025","01/12/2025","Standard Class","CUST-146","Customer 146","Consumer","United States","City146","State146","10146","East","Office Supplies","Binders","399453764","6","0.3","120849461551191726.4"
"ORD-147","08/18/2024","08/19/2024","Standard Class","CUST-147","Customer 147","Consumer","United States","City147","State147","10147","South","Office Supplies","Storage","604904143","8","0.1","100977292329978970.6"
"ORD-148","06/18/2025","06/19/2025","Standard Class","CUST-148","Customer 148","Consumer","United States","City148","State148","10148","Central","Furniture","Chairs","2112126093","5","0.3","187446315121876888.8"
"ORD-149","05/24/2024","05/29/2024","Standard Class","CUST-149","Customer 149","Consumer","United States","City149","State149","10149","East","Furniture","Furnishings","1919526745","4","0.5","229293653253706293.0"
"ORD-150","11/23/2024","11/28/2024","Standard Class","CUST-150","Customer 150","Consumer","United States","City150","State150","10150","Central","Office Supplies","Binders","1209040372","8","0","170641474432895819.00"
"ORD-151","11/05/2024","11/06/2024","Standard Class","CUST-151","Customer 151","Consumer","United States","City151","State151","10151","West","Furniture","Furnishings","143419796","7","0.2","31185599450454431.6"
"ORD-152","05/19/2025","05/25/2025","Standard Class","CUST-152","Customer 152","Consumer","United States","City152","State152","10152","South","Office Supplies","Paper","910544704","6","0.4","139321853031818948.8"
"ORD-153","03/18/2024","03/21/2024","Standard Class","CUST-153","Customer 153","Consumer","United States","City153","State153","10153","Central","Technology","Phones","1331213890","8","0.4","263673807691783243.0"
"ORD-154","08/18/2025","08/23/2025","Standard Class","CUST-154","Customer 154","Consumer","United States","City154","State154","10154","West","Furniture","Bookcases","58828321","5","0","6602232880750505.15"
"ORD-155","06/03/2025","06/04/2025","Standard Class","CUST-155","Customer 155","Consumer","United States","City155","State155","10155","Central","Office Supplies","Art","755810220","3","0.2","62017796050819402.0"
"ORD-156","06/06/2025","06/10/2025","Standard Class","CUST-156","Customer 156","Consumer","United States","City156","State156","10156","South","Technology","Machines","2139505055","3","0.4","499749016415418773.25"
"ORD-157","07/20/2024","07/24/2024","Standard Class","CUST-157","Customer 157","Consumer","United States","City157","State157","10157","South","Office Supplies","Paper","654140485","5","0.2","149136877880866747.5"
"ORD-158","03/15/2025","03/16/2025","Standard Class","CUST-158","Customer 158","Consumer","United States","City158","State158","10158","West","Technology","Copiers","1317869238","3","0.5","353349259091839103.50"
"ORD-159","07/13/2025","07/19/2025","Standard Class","CUST-159","Customer 159","Consumer","United States","City159","State159","10159","East","Office Supplies","Envelopes","182199069","8","0.3","31674012200111986.8"
"ORD-160","01/27/2025","01/29/2025","Standard Class","CUST-160","Customer 160","Consumer","United States","City160","State160","10160","South","Technology","Phones","207936922","8","0.2","3114810086946266.4"
"ORD-161","02/17/2025","02/19/2025","Standard Class","CUST-161","Customer 161","Consumer","United States","City161","State161","10161","Central","Office Supplies","Storage","2023879323","2","0.1","349898498088420403.85"
"ORD-162","06/07/2025","06/13/2025","Standard Class","CUST-162","Customer 162","Consumer","United States","City162","State162","10162","East","Technology","Accessories","1802580961","3","0.2","6542875792408098.45"
"ORD-163","04/12/2025","04/13/2025","Standard Class","CUST-163","Customer 163","Consumer","United States","City163","State163","10163","West","Office Supplies","Binders","1547457668","8","0.2","294245980654844"
"ORD-164","10/12/2025","10/18/2025","Standard Class","CUST-164","Customer 164","Consumer","United States","City164","State164","10164","West","Technology","Copiers","220767493","5","0.4","31422930729044414.35"
"ORD-165","06/01/2024","06/03/2024","Standard Class","CUST-165","Customer 165","Consumer","United States","City165","State165","10165","Central","Furniture","Furnishings","118637764","2","0.4","8221072434939440.20"
"ORD-166","05/07/2025","05/09/2025","Standard Class","CUST-166","Customer 166","Consumer","United States","City166","State166","10166","West","Furniture","Tables","2099108914","8","0.4","539799302657426804.2"
"ORD-167","04/05/2024","04/10/2024","Standard Class","CUST-167","Customer 167","Consumer","United States","City167","State167","10167","West","Technology","Machines","2061633159","1","0.4","215444178035321238.05"
"ORD-168","10/27/2025","10/31/2025","Standard Class","CUST-168","Customer 168","Consumer","United States","City168","State168","10168","West","Technology","Machines","409656467","5","0.4","16347817541277847.5"
"ORD-169","07/06/2024","07/07/2024","Standard Class","CUST-169","Customer 169","Consumer","United States","City169","State169","10169","West","Technology","Machines","946127116","1","0.4","33493858049330333.2"
"ORD-170","04/27/2025","05/01/2025","Standard Class","CUST-170","Customer 170","Consumer","United States","City170","State170","10170","Central","Office Supplies","Binders","1714169607","5","0.3","526552243595864331.75"
"ORD-171","06/09/2024","06/10/2024","Standard Class","CUST-171","Customer 171","Consumer","United States","City171","State171","10171","South","Office Supplies","Paper","1160932441","8","0.3","353479646105470769.9"
"ORD-172","12/07/2024","12/08/2024","Standard Class","CUST-172","Customer 172","Consumer","United States","City172","State172","10172","Central","Furniture","Tables","1421382042","7","0.2","393886736568319336"
"ORD-173","09/03/2024","09/08/2024","Standard Class","CUST-173","Customer 173","Consumer","United States","City173","State173","10173","West","Office Supplies","Storage","732387306","3","0","177128637095183669.70"
"ORD-174","03/03/2025","03/05/2025","Standard Class","CUST-174","Customer 174","Consumer","United States","City174","State174","10174","Central","Furniture","Tables","591698101","6","0.4","53233039835766730.15"
"ORD-175","09/15/2025","09/20/2025","Standard Class","CUST-175","Customer 175","Consumer","United States","City175","State175","10175","South","Technology","Phones","1004321062","9","0.2","302392841859257421.0"
"ORD-176","01/09/2025","01/13/2025","Standard Class","CUST-176","Customer 176","Consumer","United States","City176","State176","10176","Central","Furniture","Chairs","730518576","8","0","60790574121062232.0"
"ORD-177","11/12/2024","11/13/2024","Standard Class","CUST-177","Customer 177","Consumer","United States","City177","State177","10177","South","Office Supplies","Art","1773223361","3","0","61129485774673716.4"
"ORD-178","03/29/2025","04/03/2025","Standard Class","CUST-178","Customer 178","Consumer","United States","City178","State178","10178","West","Technology","Copiers","1153973199","4","0","259505983602825554.85"
"ORD-179","12/03/2025","12/06/2025","Standard Class","CUST-179","Customer 179","Consumer","United States","City179","State179","10179","East","Office Supplies","Paper","1569704930","5","0.1","465429647055328573.50"
"ORD-180","10/23/2024","10/24/2024","Standard Class","CUST-180","Customer 180","Consumer","United States","City180","State180","10180","South","Furniture","Furnishings","568422134","8","0.3","5845917741296026.90"
"ORD-181","04/08/2025","04/09/2025","Standard Class","CUST-181","Customer 181","Consumer","United States","City181","State181","10181","Central","Furniture","Tables","1970634118","1","0.1","316043516331015598.6"
"ORD-182","11/03/2025","11/07/2025","Standard Class","CUST-182","Customer 182","Consumer","United States","City182","State182","10182","Central","Office Supplies","Envelopes","1351318943","7","0.5","271978434369962156.9"
"ORD-183","09/14/2024","09/16/2024","Standard Class","CUST-183","Customer 183","Consumer","United States","City183","State183","10183","Central","Furniture","Bookcases","526046639","1","0.2","9097715702372036"
"ORD-184","09/02/2024","09/04/2024","Standard Class","CUST-184","Customer 184","Consumer","United States","City184","State184","10184","East","Furniture","Tables","1238868944","1","0.5","21788589403169920.40"
"ORD-185","04/13/2024","04/16/2024","Standard Class","CUST-185","Customer 185","Consumer","United States","City185","State185","10185","South","Technology","Phones","477219651","5","0.2","65298776978732051.8"
"ORD-186","07/13/2024","07/17/2024","Standard Class","CUST-186","Customer 186","Consumer","United States","City186","State186","10186","West","Technology","Copiers","1375812705","7","0.4","430943506418034310.25"
"ORD-187","08/01/2024","08/07/2024","Standard Class","CUST-187","Customer 187","Consumer","United States","City187","State187","10187","West","Technology","Accessories","1369994992","4","0.4","166455787141898310.4"
"ORD-188","02/23/2025","02/25/2025","Standard Class","CUST-188","Customer 188","Consumer","United States","City188","State188","10188","South","Technology","Phones","440481791","4","0","112908375164479435.75"
"ORD-189","05/26/2024","05/29/2024","Standard Class","CUST-189","Customer 189","Consumer","United States","City189","State189","10189","South","Office Supplies","Storage","203982999","9","0","44315846210570454.3"
"ORD-190","02/05/2024","02/09/2024","Standard Class","CUST-190","Customer 190","Consumer","United States","City190","State190","10190","West","Technology","Machines","1143695369","7","0.5","216422969771641075.25"
"ORD-191","05/12/2024","05/13/2024","Standard Class","CUST-191","Customer 191","Consumer","United States","City191","State191","10191","Central","Office Supplies","Paper","264391412","7","0.1","46255160298247909.2"
"ORD-192","07/29/2024","08/02/2024","Standard Class","CUST-192","Customer 192","Consumer","United States","City192","State192","10192","Central","Technology","Copiers","1728717337","6","0.2","143726394541525484.7"
"ORD-193","10/12/2024","10/17/2024","Standard Class","CUST-193","Customer 193","Consumer","United States","City193","State193","10193","East","Office Supplies","Binders","2037290366","3","0.3","377335010572395151.0"
"ORD-194","08/02/2025","08/03/2025","Standard Class","CUST-194","Customer 194","Consumer","United States","City194","State194","10194","South","Technology","Copiers","1174531277","1","0.2","82365178158019117.55"
"ORD-195","06/21/2025","06/23/2025","Standard Class","CUST-195","Customer 195","Consumer","United States","City195","State195","10195","South","Furniture","Tables","523202759","1","0.3","126385743513827094.4"
"ORD-196","02/17/2024","02/18/2024","Standard Class","CUST-196","Customer 196","Consumer","United States","City196","State196","10196","West","Office Supplies","Art","1288702689","4","0.2","102979414776050019.55"
"ORD-197","03/29/2024","04/01/2024","Standard Class","CUST-197","Customer 197","Consumer","United States","City197","State197","10197","Central","Technology","Machines","874252582","7","0.3","203135808873614123.6"
"ORD-198","09/22/2024","09/24/2024","Standard Class","CUST-198","Customer 198","Consumer","United States","City198","State198","10198","East","Office Supplies","Paper","2142628614","3","0.1","288422795351090675.6"
"ORD-199","05/19/2024","05/20/2024","Standard Class","CUST-199","Customer 199","Consumer","United States","City199","State199","10199","East","Technology","Accessories","419229114","8","0.5","115050342556438286.2"
"ORD-200","10/06/2025","10/11/2025","Standard Class","CUST-200","Customer 200","Consumer","United States","City200","State200","10200","Central","Technology","Accessories","412244477","8","0.3","87761437949845972.6"
"ORD-201","08/12/2025","08/14/2025","Standard Class","CUST-201","Customer 201","Consumer","United States","City201","State201","10201","Central","Furniture","Chairs","420548524","4","0.2","95979647232174166.8"
"ORD-202","07/09/2025","07/10/2025","Standard Class","CUST-202","Customer 202","Consumer","United States","City202","State202","10202","West","Office Supplies","Envelopes","2021783939","8","0.5","515995271226537479"
"ORD-203","06/04/2025","06/06/2025","Standard Class","CUST-203","Customer 203","Consumer","United States","City203","State203","10203","East","Office Supplies","Paper","300784556","7","0.1","48649982581630470.60"
"ORD-204","05/02/2025","05/03/2025","Standard Class","CUST-204","Customer 204","Consumer","United States","City204","State204","10204","East","Office Supplies","Art","986924131","9","0.1","78576384479495582.35"
"ORD-205","05/14/2024","05/18/2024","Standard Class","CUST-205","Customer 205","Consumer","United States","City205","State205","10205","East","Furniture","Bookcases","887160579","4","0.5","109266210154248847.9"
"ORD-206","03/19/2024","03/24/2024","Standard Class","CUST-206","Customer 206","Consumer","United States","City206","State206","10206","East","Furniture","Tables","841619496","2","0","146794270418067087.60"
"ORD-207","06/25/2025","06/29/2025","Standard Class","CUST-207","Customer 207","Consumer","United States","City207","State207","10207","West","Furniture","Tables","19227632","6","0.3","5594329863533638.00"
"ORD-208","10/17/2024","10/21/2024","Standard Class","CUST-208","Customer 208","Consumer","United States","City208","State208","10208","Central","Technology","Copiers","286043791","8","0.5","87267513210935292.45"
"ORD-209","08/26/2024","08/28/2024","Standard Class","CUST-209","Customer 209","Consumer","United States","City209","State209","10209","West","Technology","Machines","1166254241","1","0.1","204636391158451823.1"
"ORD-210","08/12/2024","08/16/2024","Standard Class","CUST-210","Customer 210","Consumer","United States","City210","State210","10210","Central","Office Supplies","Envelopes","2078042152","6","0.5","58212173919652322.40"
"ORD-211","01/07/2025","01/11/2025","Standard Class","CUST-211","Customer 211","Consumer","United States","City211","State211","10211","East","Technology","Accessories","1799310122","1","0","104868108475901543.8"
"ORD-212","06/14/2024","06/17/2024","Standard Class","CUST-212","Customer 212","Consumer","United States","City212","State212","10212","East","Furniture","Tables","73899233","7","0.2","19438735641819397.4"
"ORD-213","08/03/2025","08/09/2025","Standard Class","CUST-213","Customer 213","Consumer","United States","City213","State213","10213","West","Furniture","Furnishings","524046153","9","0.5","74548578188999700.55"
"ORD-214","07/03/2025","07/08/2025","Standard Class","CUST-214","Customer 214","Consumer","United States","City214","State214","10214","Central","Furniture","Tables","989449528","3","0.2","60018774178611229.20"
"ORD-215","09/09/2025","09/15/2025","Standard Class","CUST-215","Customer 215","Consumer","United States","City215","State215","10215","East","Technology","Machines","1366541849","8","0.5","53224022944326663.35"
"ORD-216","05/21/2025","05/26/2025","Standard Class","CUST-216","Customer 216","Consumer","United States","City216","State216","10216","South","Office Supplies","Paper","1597618911","4","0","459595874788280493.9"
"ORD-217","03/02/2025","03/07/2025","Standard Class","CUST-217","Customer 217","Consumer","United States","City217","State217","10217","Central","Technology","Accessories","429769152","4","0.1","69904356486551702.0"
"ORD-218","07/24/2024","07/28/2024","Standard Class","CUST-218","Customer 218","Consumer","United States","City218","State218","10218","West","Technology","Phones","1988952845","9","0.1","504006911052631985.25"
"ORD-219","11/01/2025","11/05/2025","Standard Class","CUST-219","Customer 219","Consumer","United States","City219","State219","10219","Central","Furniture","Tables","674825782","8","0.5","92733695826523482.90"
"ORD-220","08/20/2024","08/26/2024","Standard Class","CUST-220","Customer 220","Consumer","United States","City220","State220","10220","Central","Technology","Phones","274300947","4","0.5","61992991658005152.7"
"ORD-221","10/23/2025","10/25/2025","Standard Class","CUST-221","Customer 221","Consumer","United States","City221","State221","10221","West","Technology","Copiers","1593612499","3","0","77635075021890468.05"
"ORD-222","07/11/2024","07/13/2024","Standard Class","CUST-222","Customer 222","Consumer","United States","City222","State222","10222","West","Technology","Accessories","1914019615","5","0.5","266113882966527895.5"
"ORD-223","01/21/2024","01/25/2024","Standard Class","CUST-223","Customer 223","Consumer","United States","City223","State223","10223","West","Furniture","Chairs","1759739844","5","0.2","453704255874263322.4"
"ORD-224","06/04/2025","06/09/2025","Standard Class","CUST-224","Customer 224","Consumer","United States","City224","State224","10224","South","Furniture","Furnishings","1320762734","3","0.4","183624701600419438.2"
"ORD-225","10/17/2025","10/18/2025","Standard Class","CUST-225","Customer 225","Consumer","United States","City225","State225","10225","East","Furniture","Furnishings","1003855683","4","0","103512301387219787.1"
"ORD-226","10/12/2025","10/16/2025","Standard Class","CUST-226","Customer 226","Consumer","United States","City226","State226","10226","Central","Office Supplies","Storage","521408808","7","0.2","80204414424346063.60"
"ORD-227","07/19/2024","07/20/2024","Standard Class","CUST-227","Customer 227","Consumer","United States","City227","State227","10227","East","Office Supplies","Binders","507390201","9","0.1","71288295207191384.75"
"ORD-228","12/08/2024","12/11/2024","Standard Class","CUST-228","Customer 228","Consumer","United States","City228","State228","10228","South","Office Supplies","Paper","1404430009","1","0.1","256458520888713517.6"
"ORD-229","11/10/2024","11/14/2024","Standard Class","CUST-229","Customer 229","Consumer","United States","City229","State229","10229","South","Office Supplies","Envelopes","982959897","1","0.2","173036614764509976.1"
"ORD-230","09/08/2025","09/13/2025","Standard Class","CUST-230","Customer 230","Consumer","United States","City230","State230","10230","South","Office Supplies","Paper","131321132","7","0","7196335058551149.40"
"ORD-231","07/24/2025","07/27/2025","Standard Class","CUST-231","Customer 231","Consumer","United States","City231","State231","10231","East","Technology","Phones","1239317069","6","0.4","25361398194469572.45"
"ORD-232","11/15/2024","11/17/2024","Standard Class","CUST-232","Customer 232","Consumer","United States","City232","State232","10232","Central","Technology","Phones","726683309","9","0.4","100461610689942211.2"
"ORD-233","04/29/2024","05/01/2024","Standard Class","CUST-233","Customer 233","Consumer","United States","City233","State233","10233","Central","Technology","Phones","1406473339","7","0.3","97527934892447686.7"
"ORD-234","03/22/2025","03/27/2025","Standard Class","CUST-234","Customer 234","Consumer","United States","City234","State234","10234","West","Office Supplies","Paper","465566765","6","0.2","19204161743609611.25"
"ORD-235","03/08/2024","03/10/2024","Standard Class","CUST-235","Customer 235","Consumer","United States","City235","State235","10235","West","Furniture","Tables","666726541","6","0.2","81802609188599231.55"
"ORD-236","05/08/2025","05/14/2025","Standard Class","CUST-236","Customer 236","Consumer","United States","City236","State236","10236","South","Furniture","Bookcases","1906081447","1","0","582594476366795808.95"
"ORD-237","04/27/2025","05/01/2025","Standard Class","CUST-237","Customer 237","Consumer","United States","City237","State237","10237","Central","Furniture","Furnishings","2054965668","4","0.3","269408804205685073.40"
"ORD-238","03/25/2024","03/31/2024","Standard Class","CUST-238","Customer 238","Consumer","United States","City238","State238","10238","East","Furniture","Tables","1165826538","6","0.4","236642354063725068.50"
"ORD-239","01/14/2024","01/18/2024","Standard Class","CUST-239","Customer 239","Consumer","United States","City239","State239","10239","East","Technology","Copiers","478632497","2","0.4","80052717885698104.65"
"ORD-240","07/21/2025","07/23/2025","Standard Class","CUST-240","Customer 240","Consumer","United States","City240","State240","10240","East","Office Supplies","Art","1595695335","9","0.1","243433774839555173.0"
"ORD-241","01/26/2025","01/30/2025","Standard Class","CUST-241","Customer 241","Consumer","United States","City241","State241","10241","South","Office Supplies","Art","900509229","4","0.4","42687011790008005.1"
"ORD-242","05/17/2025","05/20/2025","Standard Class","CUST-242","Customer 242","Consumer","United States","City242","State242","10242","Central","Furniture","Bookcases","835843374","8","0.3","38588610653632807.8"
"ORD-243","10/24/2025","10/27/2025","Standard Class","CUST-243","Customer 243","Consumer","United States","City243","State243","10243","West","Furniture","Chairs","1954511420","3","0.5","401622603037221008.0"
"ORD-244","07/23/2024","07/27/2024","Standard Class","CUST-244","Customer 244","Consumer","United States","City244","State244","10244","South","Furniture","Bookcases","1686641984","3","0.2","291788970382358760.80"
"ORD-245","06/14/2024","06/18/2024","Standard Class","CUST-245","Customer 245","Consumer","United States","City245","State245","10245","West","Furniture","Bookcases","1617737345","7","0","181144505453430284.5"
"ORD-246","06/23/2025","06/26/2025","Standard Class","CUST-246","Customer 246","Consumer","United States","City246","State246","10246","Central","Furniture","Chairs","1178693730","3","0.2","278026056719499715.0"
"ORD-247","01/07/2025","01/10/2025","Standard Class","CUST-247","Customer 247","Consumer","United States","City247","State247","10247","East","Office Supplies","Paper","2137526543","7","0.4","379793780523078946.35"
"ORD-248","08/12/2024","08/16/2024","Standard Class","CUST-248","Customer 248","Consumer","United States","City248","State248","10248","South","Furniture","Furnishings","1713937149","2","0","549602493049944597.15"
"ORD-249","08/22/2025","08/25/2025","Standard Class","CUST-249","Customer 249","Consumer","United States","City249","State249","10249","West","Technology","Machines","1139289862","6","0.2","9964328194305480.90"
"ORD-250","12/02/2025","12/04/2025","Standard Class","CUST-250","Customer 250","Consumer","United States","City250","State250","10250","South","Technology","Accessories","2056559759","4","0.3","488492428342217093.2"
"ORD-251","06/05/2025","06/07/2025","Standard Class","CUST-251","Customer 251","Consumer","United States","City251","State251","10251","South","Office Supplies","Binders","230787156","8","0.3","44285585548425540.60"
"ORD-252","08/30/2025","08/31/2025","Standard Class","CUST-252","Customer 252","Consumer","United States","City252","State252","10252","West","Office Supplies","Paper","62800879","4","0.1","11852343918206556.55"
"ORD-253","10/31/2025","11/02/2025","Standard Class","CUST-253","Customer 253","Consumer","United States","City253","State253","10253","West","Technology","Accessories","1351837538","2","0.4","51468343970297401.50"
"ORD-254","01/06/2025","01/11/2025","Standard Class","CUST-254","Customer 254","Consumer","United States","City254","State254","10254","West","Office Supplies","Envelopes","2081623559","3","0.3","657549827435122876.15"
"ORD-255","03/05/2025","03/09/2025","Standard Class","CUST-255","Customer 255","Consumer","United States","City255","State255","10255","South","Furniture","Bookcases","2130688080","8","0.5","32839196261593882.00"
"ORD-256","10/29/2025","11/01/2025","Standard Class","CUST-256","Customer 256","Consumer","United States","City256","State256","10256","East","Furniture","Furnishings","2141427636","5","0.3","440297033365362620.4"
"ORD-257","05/08/2024","05/09/2024","Standard Class","CUST-257","Customer 257","Consumer","United States","City257","State257","10257","West","Office Supplies","Envelopes","32383268","6","0","1691146882440623.80"
"ORD-258","01/15/2024","01/17/2024","Standard Class","CUST-258","Customer 258","Consumer","United States","City258","State258","10258","East","Office Supplies","Paper","1684014978","7","0","30071193429415423.2"
"ORD-259","10/04/2025","10/05/2025","Standard Class","CUST-259","Customer 259","Consumer","United States","City259","State259","10259","South","Office Supplies","Binders","419636228","6","0.3","6975428420067272.8"
"ORD-260","05/13/2024","05/16/2024","Standard Class","CUST-260","Customer 260","Consumer","United States","City260","State260","10260","South","Technology","Accessories","1433499224","9","0.1","313860836181192292.80"
"ORD-261","10/11/2025","10/13/2025","Standard Class","CUST-261","Customer 261","Consumer","United States","City261","State261","10261","South","Furniture","Chairs","839376411","4","0.5","251440545664560733.45"
"ORD-262","03/13/2025","03/15/2025","Standard Class","CUST-262","Customer 262","Consumer","United States","City262","State262","10262","South","Office Supplies","Binders","1823430683","1","0.5","584767573724431949.15"
"ORD-263","02/29/2024","03/05/2024","Standard Class","CUST-263","Customer 263","Consumer","United States","City263","State263","10263","South","Technology","Machines","1906764641","1","0.4","250500579483249176.1"
"ORD-264","09/19/2025","09/21/2025","Standard Class","CUST-264","Customer 264","Consumer","United States","City264","State264","10264","West","Office Supplies","Paper","648789364","4","0.4","74203062441991242.4"
"ORD-265","05/13/2024","05/19/2024","Standard Class","CUST-265","Customer 265","Consumer","United States","City265","State265","10265","West","Furniture","Tables","593035772","9","0.2","151770046395843682.4"
"ORD-266","02/09/2024","02/10/2024","Standard Class","CUST-266","Customer 266","Consumer","United States","City266","State266","10266","West","Furniture","Bookcases","2022846722","1","0.2","620350398751161913.4"
"ORD-267","05/13/2024","05/16/2024","Standard Class","CUST-267","Customer 267","Consumer","United States","City267","State267","10267","East","Technology","Machines","245171777","9","0.2","77585810872096844.45"
"ORD-268","07/10/2024","07/14/2024","Standard Class","CUST-268","Customer 268","Consumer","United States","City268","State268","10268","South","Office Supplies","Art","1767353625","4","0.2","333031516003480873.75"
"ORD-269","04/11/2024","04/15/2024","Standard Class","CUST-269","Customer 269","Consumer","United States","City269","State269","10269","West","Office Supplies","Paper","179945515","5","0.3","23930657867526831.5"
"ORD-270","01/05/2025","01/10/2025","Standard Class","CUST-270","Customer 270","Consumer","United States","City270","State270","10270","South","Technology","Accessories","1505767133","8","0.2","207866139635422439.75"
"ORD-271","07/23/2025","07/24/2025","Standard Class","CUST-271","Customer 271","Consumer","United States","City271","State271","10271","East","Furniture","Tables","1305712369","8","0.2","378163524427503147.6"
"ORD-272","08/17/2024","08/22/2024","Standard Class","CUST-272","Customer 272","Consumer","United States","City272","State272","10272","South","Technology","Machines","675898223","3","0.3","148690046029243889.2"
"ORD-273","01/24/2025","01/29/2025","Standard Class","CUST-273","Customer 273","Consumer","United States","City273","State273","10273","West","Technology","Phones","378972579","5","0","78651804268382650.8"
"ORD-274","11/15/2025","11/19/2025","Standard Class","CUST-274","Customer 274","Consumer","United States","City274","State274","10274","East","Furniture","Furnishings","1767618118","9","0.1","551371997463758683.6"
"ORD-275","11/20/2025","11/26/2025","Standard Class","CUST-275","Customer 275","Consumer","United States","City275","State275","10275","West","Technology","Accessories","572126340","1","0.2","21893067682561309.00"
"ORD-276","03/11/2025","03/16/2025","Standard Class","CUST-276","Customer 276","Consumer","United States","City276","State276","10276","South","Furniture","Bookcases","1838771802","1","0.2","160404373238540267.50"
"ORD-277","12/14/2024","12/18/2024","Standard Class","CUST-277","Customer 277","Consumer","United States","City277","State277","10277","Central","Office Supplies","Envelopes","1741438539","4","0.5","416313679223288583.4"
"ORD-278","02/20/2025","02/23/2025","Standard Class","CUST-278","Customer 278","Consumer","United States","City278","State278","10278","Central","Technology","Copiers","958556365","7","0.4","224578630259915768.5"
"ORD-279","01/01/2025","01/05/2025","Standard Class","CUST-279","Customer 279","Consumer","United States","City279","State279","10279","Central","Furniture","Bookcases","202259649","1","0.1","63150483301213783.55"
"ORD-280","02/28/2024","03/02/2024","Standard Class","CUST-280","Customer 280","Consumer","United States","City280","State280","10280","West","Office Supplies","Paper","587697401","8","0","85384206805551253.75"
"ORD-281","09/10/2025","09/11/2025","Standard Class","CUST-281","Customer 281","Consumer","United States","City281","State281","10281","West","Technology","Accessories","1756192616","4","0.3","186464505727576696.00"
"ORD-282","10/09/2024","10/10/2024","Standard Class","CUST-282","Customer 282","Consumer","United States","City282","State282","10282","Central","Furniture","Chairs","1965858476","7","0.4","102855440898304345.2"
"ORD-283","03/22/2025","03/25/2025","Standard Class","CUST-283","Customer 283","Consumer","United States","City283","State283","10283","West","Technology","Phones","1692485972","3","0.5","47333253949203342.20"
"ORD-284","07/02/2025","07/08/2025","Standard Class","CUST-284","Customer 284","Consumer","United States","City284","State284","10284","South","Technology","Accessories","193487443","1","0.5","48238529007724141.05"
"ORD-285","04/18/2024","04/24/2024","Standard Class","CUST-285","Customer 285","Consumer","United States","City285","State285","10285","East","Technology","Copiers","352287829","7","0","105056517422247186.5"
"ORD-286","06/20/2024","06/21/2024","Standard Class","CUST-286","Customer 286","Consumer","United States","City286","State286","10286","South","Office Supplies","Paper","1029855182","3","0.1","311612507242547236.8"
"ORD-287","09/23/2025","09/27/2025","Standard Class","CUST-287","Customer 287","Consumer","United States","City287","State287","10287","West","Furniture","Tables","1836953849","3","0","539527719247777655.2"
"ORD-288","03/01/2024","03/04/2024","Standard Class","CUST-288","Customer 288","Consumer","United States","City288","State288","10288","South","Furniture","Chairs","1400675862","4","0","388420166044566268.8"
"ORD-289","07/31/2025","08/05/2025","Standard Class","CUST-289","Customer 289","Consumer","United States","City289","State289","10289","South","Office Supplies","Storage","974322167","2","0.2","49975543733343230.75"
"ORD-290","12/31/2024","01/06/2025","Standard Class","CUST-290","Customer 290","Consumer","United States","City290","State290","10290","South","Furniture","Bookcases","1791891398","5","0.3","277729842006375302.2"
"ORD-291","03/20/2024","03/24/2024","Standard Class","CUST-291","Customer 291","Consumer","United States","City291","State291","10291","West","Furniture","Bookcases","1636784644","5","0.1","271410215158790645.2"
"ORD-292","12/23/2024","12/26/2024","Standard Class","CUST-292","Customer 292","Consumer","United States","City292","State292","10292","West","Furniture","Chairs","1737629828","6","0.1","438043389465135226.20"
"ORD-293","10/31/2024","11/02/2024","Standard Class","CUST-293","Customer 293","Consumer","United States","City293","State293","10293","South","Technology","Phones","2145648950","2","0.4","15815717555784367.50"
"ORD-294","08/15/2025","08/19/2025","Standard Class","CUST-294","Customer 294","Consumer","United States","City294","State294","10294","East","Office Supplies","Storage","986165063","5","0.1","40550815978783873.5"
"ORD-295","07/23/2024","07/27/2024","Standard Class","CUST-295","Customer 295","Consumer","United States","City295","State295","10295","West","Furniture","Furnishings","1317849311","9","0.1","170800575939685656.3"
"ORD-296","10/10/2024","10/11/2024","Standard Class","CUST-296","Customer 296","Consumer","United States","City296","State296","10296","West","Furniture","Bookcases","376010754","6","0.1","30974018160133784.90"
"ORD-297","09/11/2024","09/13/2024","Standard Class","CUST-297","Customer 297","Consumer","United States","City297","State297","10297","East","Office Supplies","Art","115529888","3","0","17683094013871873.60"
"ORD-298","01/12/2025","01/16/2025","Standard Class","CUST-298","Customer 298","Consumer","United States","City298","State298","10298","East","Office Supplies","Storage","1686380589","9","0","328314861505855430.1"
"ORD-299","12/10/2024","12/14/2024","Standard Class","CUST-299","Customer 299","Consumer","United States","City299","State299","10299","Central","Office Supplies","Binders","1955871247","5","0.1","191114973752114256.25"
"ORD-300","10/23/2024","10/27/2024","Standard Class","CUST-300","Customer 300","Consumer","United States","City300","State300","10300","South","Office Supplies","Envelopes","79703123","2","0.5","13908623315979045.05"
"ORD-301","02/05/2025","02/10/2025","Standard Class","CUST-301","Customer 301","Consumer","United States","City301","State301","10301","East","Furniture","Bookcases","1394564503","7","0.1","199528249230377497"
"ORD-302","02/13/2024","02/15/2024","Standard Class","CUST-302","Customer 302","Consumer","United States","City302","State302","10302","East","Technology","Machines","533196512","7","0.2","57071919279469676"
"ORD-303","11/04/2025","11/06/2025","Standard Class","CUST-303","Customer 303","Consumer","United States","City303","State303","10303","West","Furniture","Bookcases","1566467285","4","0.4","169517350594831269.75"
"ORD-304","04/11/2025","04/13/2025","Standard Class","CUST-304","Customer 304","Consumer","United States","City304","State304","10304","South","Furniture","Chairs","525071701","2","0.5","153523901162749036.2"
"ORD-305","12/18/2024","12/23/2024","Standard Class","CUST-305","Customer 305","Consumer","United States","City305","State305","10305","East","Furniture","Bookcases","244319314","1","0.4","49499811046431874.6"
"ORD-306","05/09/2024","05/13/2024","Standard Class","CUST-306","Customer 306","Consumer","United States","City306","State306","10306","Central","Technology","Accessories","1774207471","9","0","418120757008822552.7"
"ORD-307","05/06/2024","05/11/2024","Standard Class","CUST-307","Customer 307","Consumer","United States","City307","State307","10307","Central","Furniture","Furnishings","244074486","9","0.2","67379489795403931.90"
"ORD-308","09/18/2024","09/23/2024","Standard Class","CUST-308","Customer 308","Consumer","United States","City308","State308","10308","East","Furniture","Furnishings","317852002","4","0.5","86793783247183969.50"
"ORD-309","09/21/2025","09/23/2025","Standard Class","CUST-309","Customer 309","Consumer","United States","City309","State309","10309","West","Technology","Phones","306167923","6","0.2","85094227469139161.55"
"ORD-310","12/21/2024","12/25/2024","Standard Class","CUST-310","Customer 310","Consumer","United States","City310","State310","10310","West","Office Supplies","Envelopes","1969319116","2","0.2","447293599639633403.40"
"ORD-311","02/27/2025","03/05/2025","Standard Class","CUST-311","Customer 311","Consumer","United States","City311","State311","10311","Central","Technology","Accessories","824953379","3","0.3","72285759717712118.65"
"ORD-312","11/09/2024","11/10/2024","Standard Class","CUST-312","Customer 312","Consumer","United States","City312","State312","10312","East","Office Supplies","Envelopes","1291006652","6","0.5","234968360618635443.2"
"ORD-313","10/28/2024","10/29/2024","Standard Class","CUST-313","Customer 313","Consumer","United States","City313","State313","10313","South","Office Supplies","Paper","508254758","9","0","49671628859885477.50"
"ORD-314","09/07/2024","09/08/2024","Standard Class","CUST-314","Customer 314","Consumer","United States","City314","State314","10314","West","Furniture","Tables","956869243","3","0.2","129359485329701536.05"
"ORD-315","03/08/2024","03/10/2024","Standard Class","CUST-315","Customer 315","Consumer","United States","City315","State315","10315","East","Office Supplies","Paper","922755192","2","0.5","86321322611164499.20"
"ORD-316","07/25/2025","07/27/2025","Standard Class","CUST-316","Customer 316","Consumer","United States","City316","State316","10316","Central","Technology","Copiers","461361104","1","0.5","96599213745489911.6"
"ORD-317","05/30/2025","06/03/2025","Standard Class","CUST-317","Customer 317","Consumer","United States","City317","State317","10317","East","Office Supplies","Art","587504972","2","0.1","185670126439031660.4"
"ORD-318","09/25/2024","09/29/2024","Standard Class","CUST-318","Customer 318","Consumer","United States","City318","State318","10318","East","Furniture","Furnishings","1817018947","8","0.1","99485921520609151.75"
"ORD-319","06/01/2024","06/05/2024","Standard Class","CUST-319","Customer 319","Consumer","United States","City319","State319","10319","Central","Office Supplies","Binders","548839129","4","0.2","94157028073271023.65"
"ORD-320","01/02/2025","01/05/2025","Standard Class","CUST-320","Customer 320","Consumer","United States","City320","State320","10320","Central","Office Supplies","Envelopes","990319093","5","0","73290930646873904.9"
"ORD-321","01/03/2025","01/06/2025","Standard Class","CUST-321","Customer 321","Consumer","United States","City321","State321","10321","Central","Office Supplies","Envelopes","603219739","4","0","121780307561279962.1"
"ORD-322","09/15/2025","09/19/2025","Standard Class","CUST-322","Customer 322","Consumer","United States","City322","State322","10322","Central","Technology","Machines","1413472597","8","0.1","202746867141216795.4"
"ORD-323","05/10/2025","05/16/2025","Standard Class","CUST-323","Customer 323","Consumer","United States","City323","State323","10323","West","Technology","Copiers","1956418558","7","0.3","562420667924888951.90"
"ORD-324","11/15/2025","11/19/2025","Standard Class","CUST-324","Customer 324","Consumer","United States","City324","State324","10324","East","Office Supplies","Binders","1526124798","3","0.5","420123191202391524.70"
"ORD-325","03/15/2024","03/21/2024","Standard Class","CUST-325","Customer 325","Consumer","United States","City325","State325","10325","West","Office Supplies","Binders","834866097","6","0.1","119890774252958751.65"
"ORD-326","03/24/2025","03/29/2025","Standard Class","CUST-326","Customer 326","Consumer","United States","City326","State326","10326","East","Technology","Machines","49648332","4","0.5","7872320783827351.00"
"ORD-327","12/17/2024","12/20/2024","Standard Class","CUST-327","Customer 327","Consumer","United States","City327","State327","10327","East","Office Supplies","Storage","809839417","3","0.2","2088662711720453.25"
"ORD-328","03/19/2024","03/21/2024","Standard Class","CUST-328","Customer 328","Consumer","United States","City328","State328","10328","South","Furniture","Tables","2009763046","7","0","26728278082955855.6"
"ORD-329","11/04/2024","11/05/2024","Standard Class","CUST-329","Customer 329","Consumer","United States","City329","State329","10329","Central","Office Supplies","Storage","1517277521","1","0.3","129960643819278204.55"
"ORD-330","05/13/2024","05/19/2024","Standard Class","CUST-330","Customer 330","Consumer","United States","City330","State330","10330","West","Furniture","Tables","480991813","3","0.4","25360770412154684.05"
"ORD-331","03/05/2025","03/07/2025","Standard Class","CUST-331","Customer 331","Consumer","United States","City331","State331","10331","East","Furniture","Chairs","52719555","9","0.2","9042694976828305.75"
"ORD-332","01/16/2024","01/17/2024","Standard Class","CUST-332","Customer 332","Consumer","United States","City332","State332","10332","East","Office Supplies","Envelopes","1726667753","5","0.2","164893566493150900.85"
"ORD-333","08/18/2024","08/19/2024","Standard Class","CUST-333","Customer 333","Consumer","United States","City333","State333","10333","Central","Furniture","Furnishings","759778661","8","0.2","210907875635811673.1"
"ORD-334","05/07/2024","05/10/2024","Standard Class","CUST-334","Customer 334","Consumer","United States","City334","State334","10334","South","Technology","Machines","691280672","8","0.4","71293549564128345.60"
"ORD-335","11/18/2024","11/23/2024","Standard Class","CUST-335","Customer 335","Consumer","United States","City335","State335","10335","Central","Office Supplies","Envelopes","855113852","3","0.3","9907890290828900.8"
"ORD-336","12/29/2024","01/01/2025","Standard Class","CUST-336","Customer 336","Consumer","United States","City336","State336","10336","West","Office Supplies","Paper","1240272850","9","0.1","110301033869721362.50"
"ORD-337","02/17/2024","02/21/2024","Standard Class","CUST-337","Customer 337","Consumer","United States","City337","State337","10337","East","Office Supplies","Paper","1954730345","5","0.3","436348316963330152.75"
"ORD-338","04/02/2025","04/05/2025","Standard Class","CUST-338","Customer 338","Consumer","United States","City338","State338","10338","South","Technology","Machines","2025944302","1","0.5","20450003341046070"
"ORD-339","11/21/2025","11/26/2025","Standard Class","CUST-339","Customer 339","Consumer","United States","City339","State339","10339","West","Office Supplies","Paper","76410683","8","0","22725970771998719.2"
"ORD-340","04/22/2024","04/23/2024","Standard Class","CUST-340","Customer 340","Consumer","United States","City340","State340","10340","Central","Furniture","Furnishings","1087604376","2","0.3","19975860832173033.60"
"ORD-341","01/27/2024","01/28/2024","Standard Class","CUST-341","Customer 341","Consumer","United States","City341","State341","10341","South","Office Supplies","Paper","495306205","7","0.5","24325671509379900"
"ORD-342","05/25/2024","05/29/2024","Standard Class","CUST-342","Customer 342","Consumer","United States","City342","State342","10342","West","Technology","Phones","1068847844","9","0.1","223828913512179033.00"
"ORD-343","08/07/2025","08/09/2025","Standard Class","CUST-343","Customer 343","Consumer","United States","City343","State343","10343","South","Technology","Accessories","1880213733","4","0.5","407551212091852737.7"
"ORD-344","06/04/2024","06/08/2024","Standard Class","CUST-344","Customer 344","Consumer","United States","City344","State344","10344","South","Furniture","Furnishings","1497177952","3","0.5","403248681007452538.8"
"ORD-345","02/10/2024","02/12/2024","Standard Class","CUST-345","Customer 345","Consumer","United States","City345","State345","10345","Central","Furniture","Chairs","30687550","4","0.5","7255761102875955.0"
"ORD-346","02/16/2025","02/22/2025","Standard Class","CUST-346","Customer 346","Consumer","United States","City346","State346","10346","West","Furniture","Chairs","1596577525","2","0.3","102067960712341921.25"
"ORD-347","04/12/2025","04/17/2025","Standard Class","CUST-347","Customer 347","Consumer","United States","City347","State347","10347","South","Furniture","Bookcases","115538948","2","0.3","2445743881490475.40"
"ORD-348","08/03/2025","08/07/2025","Standard Class","CUST-348","Customer 348","Consumer","United States","City348","State348","10348","South","Office Supplies","Binders","554288865","2","0.1","122309814931366841.75"
"ORD-349","09/01/2024","09/06/2024","Standard Class","CUST-349","Customer 349","Consumer","United States","City349","State349","10349","Central","Office Supplies","Binders","394099258","2","0","35079449416050141.2"
"ORD-350","07/16/2025","07/22/2025","Standard Class","CUST-350","Customer 350","Consumer","United States","City350","State350","10350","Central","Office Supplies","Art","2097671048","3","0","208570103742681749.20"
"ORD-351","05/30/2024","06/02/2024","Standard Class","CUST-351","Customer 351","Consumer","United States","City351","State351","10351","East","Office Supplies","Envelopes","36467355","5","0.1","5580212212796252.0"
"ORD-352","02/22/2025","02/25/2025","Standard Class","CUST-352","Customer 352","Consumer","United States","City352","State352","10352","West","Technology","Copiers","822359974","5","0.4","247498389015474517.6"
"ORD-353","12/06/2024","12/11/2024","Standard Class","CUST-353","Customer 353","Consumer","United States","City353","State353","10353","East","Technology","Copiers","1687492088","6","0.4","514305338345494286.4"
"ORD-354","05/12/2024","05/17/2024","Standard Class","CUST-354","Customer 354","Consumer","United States","City354","State354","10354","South","Office Supplies","Envelopes","784617488","7","0.4","244886084427321540.00"
"ORD-355","03/22/2024","03/26/2024","Standard Class","CUST-355","Customer 355","Consumer","United States","City355","State355","10355","East","Furniture","Chairs","480383333","1","0","7510302483707840.65"
"ORD-356","07/16/2025","07/21/2025","Standard Class","CUST-356","Customer 356","Consumer","United States","City356","State356","10356","West","Office Supplies","Storage","108434135","2","0","3129585520485697.75"
"ORD-357","11/01/2025","11/06/2025","Standard Class","CUST-357","Customer 357","Consumer","United States","City357","State357","10357","West","Technology","Phones","1037595983","2","0.1","61051557091966265.55"
"ORD-358","06/20/2024","06/24/2024","Standard Class","CUST-358","Customer 358","Consumer","United States","City358","State358","10358","West","Office Supplies","Art","735510131","7","0.5","165416568157253952.35"
"ORD-359","06/22/2025","06/23/2025","Standard Class","CUST-359","Customer 359","Consumer","United States","City359","State359","10359","Central","Office Supplies","Storage","1799987066","6","0.5","545899833208234447.10"
"ORD-360","09/25/2024","09/30/2024","Standard Class","CUST-360","Customer 360","Consumer","United States","City360","State360","10360","East","Technology","Copiers","1672834105","3","0.2","422465908870309124.25"
"ORD-361","11/26/2025","11/27/2025","Standard Class","CUST-361","Customer 361","Consumer","United States","City361","State361","10361","East","Furniture","Chairs","132454352","1","0.3","10892200949054974.00"
"ORD-362","12/01/2024","12/04/2024","Standard Class","CUST-362","Customer 362","Consumer","United States","City362","State362","10362","Central","Technology","Machines","1425694042","8","0.3","335658567762423942.2"
"ORD-363","05/28/2024","05/31/2024","Standard Class","CUST-363","Customer 363","Consumer","United States","City363","State363","10363","South","Technology","Copiers","969003412","6","0","81526986999464825.00"
"ORD-364","10/17/2024","10/18/2024","Standard Class","CUST-364","Customer 364","Consumer","United States","City364","State364","10364","West","Technology","Accessories","1397799918","7","0.1","413683334999128979.90"
"ORD-365","08/21/2025","08/25/2025","Standard Class","CUST-365","Customer 365","Consumer","United States","City365","State365","10365","South","Office Supplies","Binders","2079543320","9","0.2","335010661447344302.00"
"ORD-366","04/19/2025","04/21/2025","Standard Class","CUST-366","Customer 366","Consumer","United States","City366","State366","10366","West","Office Supplies","Storage","1251867093","4","0.4","186605395306870508.45"
"ORD-367","03/28/2025","04/01/2025","Standard Class","CUST-367","Customer 367","Consumer","United States","City367","State367","10367","West","Office Supplies","Paper","536741225","4","0.4","118050257381759137.5"
"ORD-368","11/27/2024","12/01/2024","Standard Class","CUST-368","Customer 368","Consumer","United States","City368","State368","10368","West","Technology","Copiers","602729989","7","0.2","178545206073898329.3"
"ORD-369","03/14/2024","03/19/2024","Standard Class","CUST-369","Customer 369","Consumer","United States","City369","State369","10369","Central","Office Supplies","Art","355638369","3","0.4","1222749065384830.55"
"ORD-370","08/18/2024","08/22/2024","Standard Class","CUST-370","Customer 370","Consumer","United States","City370","State370","10370","West","Office Supplies","Art","1949399303","8","0.4","199544752111214159.25"
"ORD-371","04/21/2024","04/24/2024","Standard Class","CUST-371","Customer 371","Consumer","United States","City371","State371","10371","Central","Office Supplies","Storage","572364035","4","0.5","32246509060583357.0"
"ORD-372","02/24/2025","03/02/2025","Standard Class","CUST-372","Customer 372","Consumer","United States","City372","State372","10372","West","Office Supplies","Paper","34834082","5","0.1","7013771140168218"
"ORD-373","12/02/2024","12/08/2024","Standard Class","CUST-373","Customer 373","Consumer","United States","City373","State373","10373","East","Technology","Copiers","1545954914","2","0.5","450510307021971990.2"
"ORD-374","05/21/2025","05/22/2025","Standard Class","CUST-374","Customer 374","Consumer","United States","City374","State374","10374","West","Office Supplies","Envelopes","731826819","7","0.5","29817836850107927.65"
"ORD-375","08/12/2024","08/14/2024","Standard Class","CUST-375","Customer 375","Consumer","United States","City375","State375","10375","West","Furniture","Chairs","523212659","4","0.3","67142391099993594.7"
"ORD-376","09/02/2025","09/06/2025","Standard Class","CUST-376","Customer 376","Consumer","United States","City376","State376","10376","South","Office Supplies","Storage","685785095","7","0.1","183231010729454763.75"
"ORD-377","05/10/2025","05/14/2025","Standard Class","CUST-377","Customer 377","Consumer","United States","City377","State377","10377","South","Technology","Phones","958648341","2","0","148524941727685263.3"
"ORD-378","08/11/2024","08/14/2024","Standard Class","CUST-378","Customer 378","Consumer","United States","City378","State378","10378","South","Technology","Copiers","705624679","7","0.1","36037647976301350.15"
"ORD-379","01/08/2025","01/13/2025","Standard Class","CUST-379","Customer 379","Consumer","United States","City379","State379","10379","South","Furniture","Furnishings","1703688627","4","0.5","464300981188963857.55"
"ORD-380","09/04/2024","09/10/2024","Standard Class","CUST-380","Customer 380","Consumer","United States","City380","State380","10380","South","Technology","Phones","1222930158","7","0","269195325865024473.30"
"ORD-381","08/07/2024","08/13/2024","Standard Class","CUST-381","Customer 381","Consumer","United States","City381","State381","10381","East","Furniture","Chairs","2120778026","1","0.5","327071847961059097.4"
"ORD-382","01/24/2024","01/28/2024","Standard Class","CUST-382","Customer 382","Consumer","United States","City382","State382","10382","South","Technology","Accessories","1453999281","8","0","357270021400924200.45"
"ORD-383","04/11/2024","04/15/2024","Standard Class","CUST-383","Customer 383","Consumer","United States","City383","State383","10383","South","Furniture","Tables","648586347","2","0.2","197164892878218741.7"
"ORD-384","03/02/2024","03/04/2024","Standard Class","CUST-384","Customer 384","Consumer","United States","City384","State384","10384","Central","Technology","Accessories","1975988483","1","0.2","362220169904698673"
"ORD-385","05/17/2024","05/21/2024","Standard Class","CUST-385","Customer 385","Consumer","United States","City385","State385","10385","Central","Technology","Copiers","1344789998","4","0","308220740529732625.0"
"ORD-386","02/29/2024","03/03/2024","Standard Class","CUST-386","Customer 386","Consumer","United States","City386","State386","10386","Central","Technology","Phones","159445618","7","0.1","35409843829708203.70"
"ORD-387","08/06/2024","08/09/2024","Standard Class","CUST-387","Customer 387","Consumer","United States","City387","State387","10387","South","Office Supplies","Storage","1927261467","9","0.3","220774534414600301.25"
"ORD-388","09/27/2025","10/02/2025","Standard Class","CUST-388","Customer 388","Consumer","United States","City388","State388","10388","South","Technology","Copiers","1886630611","2","0","574999975133805532.85"
"ORD-389","03/06/2024","03/07/2024","Standard Class","CUST-389","Customer 389","Consumer","United States","City389","State389","10389","Central","Furniture","Chairs","1222498917","1","0.5","192283668028127951.95"
"ORD-390","12/07/2024","12/11/2024","Standard Class","CUST-390","Customer 390","Consumer","United States","City390","State390","10390","Central","Furniture","Bookcases","643750872","2","0","31790292951587156.40"
"ORD-391","12/29/2024","01/04/2025","Standard Class","CUST-391","Customer 391","Consumer","United States","City391","State391","10391","West","Furniture","Tables","669581389","7","0.4","151544723533817994.7"
"ORD-392","10/07/2024","10/10/2024","Standard Class","CUST-392","Customer 392","Consumer","United States","City392","State392","10392","West","Office Supplies","Paper","1888223538","9","0.5","583642561169111296.6"
"ORD-393","03/12/2024","03/13/2024","Standard Class","CUST-393","Customer 393","Consumer","United States","City393","State393","10393","West","Office Supplies","Envelopes","1069926753","8","0.5","266320904066083917.1"
"ORD-394","04/04/2024","04/08/2024","Standard Class","CUST-394","Customer 394","Consumer","United States","City394","State394","10394","West","Technology","Copiers","1441969307","2","0.1","138002259901203387.45"
"ORD-395","03/18/2025","03/19/2025","Standard Class","CUST-395","Customer 395","Consumer","United States","City395","State395","10395","South","Furniture","Chairs","1618370294","6","0.5","478403002763280053.0"
"ORD-396","04/19/2025","04/20/2025","Standard Class","CUST-396","Customer 396","Consumer","United States","City396","State396","10396","West","Office Supplies","Envelopes","710344754","9","0.5","193132284895062184.4"
"ORD-397","08/08/2024","08/12/2024","Standard Class","CUST-397","Customer 397","Consumer","United States","City397","State397","10397","East","Office Supplies","Storage","1977451798","9","0.2","3245301049515663.90"
"ORD-398","06/07/2024","06/08/2024","Standard Class","CUST-398","Customer 398","Consumer","United States","City398","State398","10398","South","Office Supplies","Binders","220178226","6","0.4","56787348371528620.10"
"ORD-399","09/26/2025","09/30/2025","Standard Class","CUST-399","Customer 399","Consumer","United States","City399","State399","10399","East","Technology","Accessories","526716984","6","0.3","73216050332941282.8"
"ORD-400","06/07/2025","06/08/2025","Standard Class","CUST-400","Customer 400","Consumer","United States","City400","State400","10400","East","Furniture","Chairs","678203611","1","0","80112482251114941.2"
"ORD-401","11/10/2025","11/11/2025","Standard Class","CUST-401","Customer 401","Consumer","United States","City401","State401","10401","Central","Technology","Phones","38241245","9","0.5","10170865149264523.25"
"ORD-402","02/22/2025","02/27/2025","Standard Class","CUST-402","Customer 402","Consumer","United States","City402","State402","10402","Central","Technology","Accessories","737213932","7","0.1","144765649849897339.00"
"ORD-403","04/26/2024","04/27/2024","Standard Class","CUST-403","Customer 403","Consumer","United States","City403","State403","10403","West","Technology","Copiers","1183952972","7","0.2","294367638937093198.4"
"ORD-404","11/06/2024","11/09/2024","Standard Class","CUST-404","Customer 404","Consumer","United States","City404","State404","10404","East","Office Supplies","Storage","662209331","8","0","102811306108474612.6"
"ORD-405","03/01/2025","03/05/2025","Standard Class","CUST-405","Customer 405","Consumer","United States","City405","State405","10405","South","Furniture","Bookcases","120295006","1","0.4","1619647618134243.4"
"ORD-406","11/12/2025","11/13/2025","Standard Class","CUST-406","Customer 406","Consumer","United States","City406","State406","10406","East","Office Supplies","Art","1053085631","1","0.2","87002045524713289.25"
"ORD-407","12/18/2024","12/21/2024","Standard Class","CUST-407","Customer 407","Consumer","United States","City407","State407","10407","Central","Furniture","Chairs","497728991","9","0.5","24837308244103079.45"
"ORD-408","08/12/2024","08/15/2024","Standard Class","CUST-408","Customer 408","Consumer","United States","City408","State408","10408","South","Technology","Accessories","1677443979","4","0.1","434664429817246567.25"
"ORD-409","08/21/2024","08/22/2024","Standard Class","CUST-409","Customer 409","Consumer","United States","City409","State409","10409","South","Office Supplies","Envelopes","895890670","6","0.1","98899674127445359.0"
"ORD-410","11/20/2024","11/24/2024","Standard Class","CUST-410","Customer 410","Consumer","United States","City410","State410","10410","West","Technology","Machines","1362756423","5","0.4","272929100778013814.3"
"ORD-411","08/15/2025","08/16/2025","Standard Class","CUST-411","Customer 411","Consumer","United States","City411","State411","10411","South","Furniture","Furnishings","714413748","5","0.4","69628751843495832.20"
"ORD-412","01/15/2025","01/20/2025","Standard Class","CUST-412","Customer 412","Consumer","United States","City412","State412","10412","West","Technology","Accessories","991352545","8","0.2","17768316306672058.5"
"ORD-413","05/15/2024","05/20/2024","Standard Class","CUST-413","Customer 413","Consumer","United States","City413","State413","10413","South","Furniture","Chairs","2145669890","3","0.1","13477310798678125.50"
"ORD-414","06/18/2024","06/24/2024","Standard Class","CUST-414","Customer 414","Consumer","United States","City414","State414","10414","West","Furniture","Furnishings","1594092727","1","0.4","502110166070197474.3"
"ORD-415","03/30/2025","04/04/2025","Standard Class","CUST-415","Customer 415","Consumer","United States","City415","State415","10415","East","Furniture","Furnishings","215247764","8","0.5","42700130094775621.40"
"ORD-416","09/14/2024","09/17/2024","Standard Class","CUST-416","Customer 416","Consumer","United States","City416","State416","10416","East","Furniture","Bookcases","309424998","9","0.2","77046381544644093.10"
"ORD-417","09/11/2025","09/12/2025","Standard Class","CUST-417","Customer 417","Consumer","United States","City417","State417","10417","South","Technology","Copiers","763106253","1","0.4","11098644624680504.75"
"ORD-418","11/24/2025","11/28/2025","Standard Class","CUST-418","Customer 418","Consumer","United States","City418","State418","10418","Central","Office Supplies","Art","103108685","2","0.2","22695036379727758.25"
"ORD-419","08/10/2024","08/16/2024","Standard Class","CUST-419","Customer 419","Consumer","United States","City419","State419","10419","Central","Technology","Machines","488596911","9","0.5","137321232645540097.6"
"ORD-420","11/11/2025","11/15/2025","Standard Class","CUST-420","Customer 420","Consumer","United States","City420","State420","10420","West","Office Supplies","Binders","74154909","4","0.2","4304004777070386.7"
"ORD-421","02/28/2024","03/05/2024","Standard Class","CUST-421","Customer 421","Consumer","United States","City421","State421","10421","West","Technology","Copiers","1624291419","7","0.2","254455339097924247.1"
"ORD-422","04/21/2024","04/26/2024","Standard Class","CUST-422","Customer 422","Consumer","United States","City422","State422","10422","South","Office Supplies","Storage","1865696340","2","0.1","34533497828322122.0"
"ORD-423","12/18/2024","12/21/2024","Standard Class","CUST-423","Customer 423","Consumer","United States","City423","State423","10423","Central","Furniture","Tables","1831327381","8","0.5","192533096110703906.4"
"ORD-424","06/17/2024","06/19/2024","Standard Class","CUST-424","Customer 424","Consumer","United States","City424","State424","10424","Central","Furniture","Furnishings","263635380","3","0.4","481536928816916.0"
"ORD-425","09/29/2025","10/03/2025","Standard Class","CUST-425","Customer 425","Consumer","United States","City425","State425","10425","South","Furniture","Furnishings","480177185","4","0.3","147872232136246363.75"
"ORD-426","10/06/2025","10/11/2025","Standard Class","CUST-426","Customer 426","Consumer","United States","City426","State426","10426","South","Furniture","Bookcases","1159570676","7","0.2","48578807781467999.00"
"ORD-427","08/14/2025","08/20/2025","Standard Class","CUST-427","Customer 427","Consumer","United States","City427","State427","10427","Central","Office Supplies","Paper","1066197349","8","0","154570406048920423.1"
"ORD-428","12/14/2024","12/17/2024","Standard Class","CUST-428","Customer 428","Consumer","United States","City428","State428","10428","West","Furniture","Chairs","207418653","5","0.3","9536509903533887.85"
"ORD-429","08/11/2025","08/16/2025","Standard Class","CUST-429","Customer 429","Consumer","United States","City429","State429","10429","Central","Technology","Phones","1742949627","3","0.4","535724357726093783.3"
"ORD-430","10/26/2024","10/29/2024","Standard Class","CUST-430","Customer 430","Consumer","United States","City430","State430","10430","Central","Office Supplies","Paper","1576671736","3","0.4","462065352992739156.40"
"ORD-431","08/26/2024","08/28/2024","Standard Class","CUST-431","Customer 431","Consumer","United States","City431","State431","10431","East","Technology","Machines","1490050110","4","0.5","460160965600814903.50"
"ORD-432","11/20/2025","11/23/2025","Standard Class","CUST-432","Customer 432","Consumer","United States","City432","State432","10432","East","Technology","Machines","715208751","4","0.1","41892772448246616.35"
"ORD-433","06/24/2024","06/29/2024","Standard Class","CUST-433","Customer 433","Consumer","United States","City433","State433","10433","East","Technology","Accessories","64334638","6","0.3","13207157263897116.50"
"ORD-434","08/09/2024","08/14/2024","Standard Class","CUST-434","Customer 434","Consumer","United States","City434","State434","10434","Central","Furniture","Furnishings","478554870","2","0.3","3955104131161975.50"
"ORD-435","03/20/2025","03/24/2025","Standard Class","CUST-435","Customer 435","Consumer","United States","City435","State435","10435","Central","Office Supplies","Paper","713430098","3","0","143898421067651974.6"
"ORD-436","09/19/2025","09/24/2025","Standard Class","CUST-436","Customer 436","Consumer","United States","City436","State436","10436","East","Furniture","Furnishings","1540020851","5","0.2","455116065720780666.5"
"ORD-437","05/12/2024","05/13/2024","Standard Class","CUST-437","Customer 437","Consumer","United States","City437","State437","10437","South","Furniture","Furnishings","201307307","1","0.4","22951266734074528.05"
"ORD-438","08/20/2025","08/22/2025","Standard Class","CUST-438","Customer 438","Consumer","United States","City438","State438","10438","Central","Technology","Accessories","357991623","4","0.5","72489830118480724.45"
"ORD-439","10/10/2024","10/11/2024","Standard Class","CUST-439","Customer 439","Consumer","United States","City439","State439","10439","West","Office Supplies","Paper","1430336980","1","0.4","449738608203184249.00"
"ORD-440","02/13/2025","02/16/2025","Standard Class","CUST-440","Customer 440","Consumer","United States","City440","State440","10440","Central","Furniture","Chairs","1184342622","4","0.2","172758983420993383.90"
"ORD-441","12/10/2024","12/16/2024","Standard Class","CUST-441","Customer 441","Consumer","United States","City441","State441","10441","South","Technology","Machines","2076895087","2","0.4","269508377051856316.15"
"ORD-442","08/13/2025","08/15/2025","Standard Class","CUST-442","Customer 442","Consumer","United States","City442","State442","10442","Central","Technology","Accessories","595208075","2","0.4","107448946479846855.0"
"ORD-443","08/18/2024","08/24/2024","Standard Class","CUST-443","Customer 443","Consumer","United States","City443","State443","10443","South","Technology","Accessories","2087562935","2","0.3","641700385994013788.5"
"ORD-444","02/28/2024","03/04/2024","Standard Class","CUST-444","Customer 444","Consumer","United States","City444","State444","10444","East","Furniture","Chairs","1457152404","1","0.5","310291278292126249.00"
"ORD-445","07/14/2024","07/16/2024","Standard Class","CUST-445","Customer 445","Consumer","United States","City445","State445","10445","East","Office Supplies","Storage","865065098","3","0.3","221802117199760701.90"
"ORD-446","12/17/2024","12/19/2024","Standard Class","CUST-446","Customer 446","Consumer","United States","City446","State446","10446","South","Furniture","Chairs","257577385","8","0.5","53477234647040768.25"
"ORD-447","12/21/2024","12/24/2024","Standard Class","CUST-447","Customer 447","Consumer","United States","City447","State447","10447","East","Office Supplies","Art","1487533370","8","0.2","64924260496214673.50"
"ORD-448","02/15/2025","02/20/2025","Standard Class","CUST-448","Customer 448","Consumer","United States","City448","State448","10448","East","Technology","Phones","853363578","5","0.5","205178874749375123.8"
"ORD-449","10/05/2025","10/07/2025","Standard Class","CUST-449","Customer 449","Consumer","United States","City449","State449","10449","South","Office Supplies","Art","117808186","4","0.2","13509804630055427.4"
"ORD-450","12/05/2024","12/11/2024","Standard Class","CUST-450","Customer 450","Consumer","United States","City450","State450","10450","East","Office Supplies","Binders","192431297","5","0.5","46266392363288075.6"
"ORD-451","10/10/2025","10/12/2025","Standard Class","CUST-451","Customer 451","Consumer","United States","City451","State451","10451","South","Office Supplies","Binders","1710105550","3","0.1","264166023538014880.0"
"ORD-452","01/23/2025","01/28/2025","Standard Class","CUST-452","Customer 452","Consumer","United States","City452","State452","10452","West","Furniture","Tables","707277946","1","0.4","149179930927259399.2"
"ORD-453","03/26/2025","03/29/2025","Standard Class","CUST-453","Customer 453","Consumer","United States","City453","State453","10453","Central","Office Supplies","Storage","1282937531","5","0.3","398617537569885610.15"
"ORD-454","08/19/2025","08/23/2025","Standard Class","CUST-454","Customer 454","Consumer","United States","City454","State454","10454","Central","Furniture","Chairs","170430998","7","0.1","51649995106245849.6"
"ORD-455","10/28/2025","10/29/2025","Standard Class","CUST-455","Customer 455","Consumer","United States","City455","State455","10455","East","Furniture","Tables","176270277","7","0.5","44579294511523324.75"
"ORD-456","10/05/2025","10/07/2025","Standard Class","CUST-456","Customer 456","Consumer","United States","City456","State456","10456","South","Office Supplies","Binders","475043493","6","0.2","152258500719245154.55"
"ORD-457","06/24/2025","06/28/2025","Standard Class","CUST-457","Customer 457","Consumer","United States","City457","State457","10457","East","Furniture","Bookcases","732930969","5","0.5","204085863380025811.9"
"ORD-458","03/17/2025","03/22/2025","Standard Class","CUST-458","Customer 458","Consumer","United States","City458","State458","10458","East","Office Supplies","Binders","1741279133","6","0.2","554992835814394522.4"
"ORD-459","09/17/2025","09/20/2025","Standard Class","CUST-459","Customer 459","Consumer","United States","City459","State459","10459","South","Furniture","Furnishings","1638861428","9","0.1","29071944129365926.8"
"ORD-460","06/28/2025","07/04/2025","Standard Class","CUST-460","Customer 460","Consumer","United States","City460","State460","10460","South","Furniture","Tables","352382025","7","0.5","54777502101100723.75"
"ORD-461","04/21/2025","04/26/2025","Standard Class","CUST-461","Customer 461","Consumer","United States","City461","State461","10461","West","Office Supplies","Storage","1916434929","3","0.1","31496204361097196.15"
"ORD-462","06/09/2024","06/14/2024","Standard Class","CUST-462","Customer 462","Consumer","United States","City462","State462","10462","East","Office Supplies","Envelopes","1992035229","8","0.3","58545337490890037.1"
"ORD-463","04/21/2025","04/24/2025","Standard Class","CUST-463","Customer 463","Consumer","United States","City463","State463","10463","South","Office Supplies","Storage","428849142","3","0.5","88990321700375077.30"
"ORD-464","10/06/2025","10/11/2025","Standard Class","CUST-464","Customer 464","Consumer","United States","City464","State464","10464","Central","Office Supplies","Binders","1364654621","4","0.4","433366179604521111.45"
"ORD-465","03/16/2024","03/19/2024","Standard Class","CUST-465","Customer 465","Consumer","United States","City465","State465","10465","West","Technology","Accessories","90712360","3","0.2","25003909808214588.0"
"ORD-466","08/27/2024","09/01/2024","Standard Class","CUST-466","Customer 466","Consumer","United States","City466","State466","10466","West","Furniture","Chairs","2066152017","8","0.2","265768579804739020.6"
"ORD-467","04/17/2025","04/20/2025","Standard Class","CUST-467","Customer 467","Consumer","United States","City467","State467","10467","West","Office Supplies","Art","1608808369","6","0.3","282027991070864409.8"
"ORD-468","04/19/2024","04/21/2024","Standard Class","CUST-468","Customer 468","Consumer","United States","City468","State468","10468","East","Office Supplies","Art","347194492","1","0.3","91398166348952352.20"
"ORD-469","08/30/2025","08/31/2025","Standard Class","CUST-469","Customer 469","Consumer","United States","City469","State469","10469","Central","Technology","Machines","2078749650","5","0.2","274637386210994027.50"
"ORD-470","01/29/2024","01/31/2024","Standard Class","CUST-470","Customer 470","Consumer","United States","City470","State470","10470","South","Furniture","Chairs","1739895953","3","0.2","12808231965732606.65"
"ORD-471","03/26/2025","04/01/2025","Standard Class","CUST-471","Customer 471","Consumer","United States","City471","State471","10471","South","Office Supplies","Paper","302695950","1","0","57560120086788690.0"
"ORD-472","03/12/2025","03/18/2025","Standard Class","CUST-472","Customer 472","Consumer","United States","City472","State472","10472","South","Office Supplies","Paper","581172337","8","0.3","90719270202721878.5"
"ORD-473","06/16/2024","06/22/2024","Standard Class","CUST-473","Customer 473","Consumer","United States","City473","State473","10473","South","Technology","Accessories","1782798635","5","0.4","303927463628779056.0"
"ORD-474","08/19/2025","08/24/2025","Standard Class","CUST-474","Customer 474","Consumer","United States","City474","State474","10474","West","Technology","Accessories","1830794679","2","0.4","87543131776057245.65"
"ORD-475","08/09/2024","08/14/2024","Standard Class","CUST-475","Customer 475","Consumer","United States","City475","State475","10475","South","Technology","Phones","1434478660","4","0.5","310161368460137487.00"
"ORD-476","01/16/2025","01/20/2025","Standard Class","CUST-476","Customer 476","Consumer","United States","City476","State476","10476","West","Furniture","Bookcases","574919270","1","0","106346085960425731.0"
"ORD-477","04/12/2024","04/15/2024","Standard Class","CUST-477","Customer 477","Consumer","United States","City477","State477","10477","South","Technology","Accessories","61867125","5","0.4","5401874680633141.25"
"ORD-478","06/29/2025","07/01/2025","Standard Class","CUST-478","Customer 478","Consumer","United States","City478","State478","10478","South","Office Supplies","Art","1808368637","8","0.2","514404223644622664.75"
"ORD-479","08/12/2025","08/18/2025","Standard Class","CUST-479","Customer 479","Consumer","United States","City479","State479","10479","East","Furniture","Tables","19287813","3","0","1005775053159827.85"
"ORD-480","01/20/2025","01/24/2025","Standard Class","CUST-480","Customer 480","Consumer","United States","City480","State480","10480","West","Furniture","Bookcases","188181337","2","0.1","19493890895853884.65"
"ORD-481","05/17/2025","05/20/2025","Standard Class","CUST-481","Customer 481","Consumer","United States","City481","State481","10481","Central","Furniture","Furnishings","591881416","8","0.3","110023896719709857.60"
"ORD-482","12/05/2024","12/08/2024","Standard Class","CUST-482","Customer 482","Consumer","United States","City482","State482","10482","West","Office Supplies","Art","441054710","6","0.1","66850571008164078.0"
"ORD-483","02/22/2024","02/26/2024","Standard Class","CUST-483","Customer 483","Consumer","United States","City483","State483","10483","East","Office Supplies","Envelopes","1319827236","3","0","127528993582584976.20"
"ORD-484","05/11/2024","05/15/2024","Standard Class","CUST-484","Customer 484","Consumer","United States","City484","State484","10484","Central","Office Supplies","Binders","1316333009","2","0.3","423721362760302355"
"ORD-485","07/04/2025","07/05/2025","Standard Class","CUST-485","Customer 485","Consumer","United States","City485","State485","10485","South","Technology","Accessories","2119453747","6","0.1","60268417010985825.85"
"ORD-486","07/06/2024","07/10/2024","Standard Class","CUST-486","Customer 486","Consumer","United States","City486","State486","10486","East","Technology","Phones","1707659580","8","0.5","294921167861963197.00"
"ORD-487","07/30/2024","08/04/2024","Standard Class","CUST-487","Customer 487","Consumer","United States","City487","State487","10487","East","Office Supplies","Paper","661651478","5","0.3","106834292015621818.90"
"ORD-488","09/07/2025","09/09/2025","Standard Class","CUST-488","Customer 488","Consumer","United States","City488","State488","10488","West","Technology","Accessories","1497541806","4","0.5","113622355836699831.4"
"ORD-489","09/20/2025","09/24/2025","Standard Class","CUST-489","Customer 489","Consumer","United States","City489","State489","10489","West","Technology","Phones","1977381353","8","0.2","416993694713733072.8"
"ORD-490","08/18/2025","08/24/2025","Standard Class","CUST-490","Customer 490","Consumer","United States","City490","State490","10490","Central","Furniture","Furnishings","2126256997","7","0.4","21235927969827550"
"ORD-491","02/04/2025","02/07/2025","Standard Class","CUST-491","Customer 491","Consumer","United States","City491","State491","10491","Central","Technology","Phones","1153270681","6","0","99676620548158718.6"
"ORD-492","05/03/2025","05/04/2025","Standard Class","CUST-492","Customer 492","Consumer","United States","City492","State492","10492","South","Furniture","Furnishings","114153512","2","0","24136843956266417.20"
"ORD-493","02/17/2024","02/21/2024","Standard Class","CUST-493","Customer 493","Consumer","United States","City493","State493","10493","Central","Furniture","Furnishings","94458959","3","0.2","94633542770951.75"
"ORD-494","06/09/2025","06/12/2025","Standard Class","CUST-494","Customer 494","Consumer","United States","City494","State494","10494","Central","Office Supplies","Binders","227954348","1","0.2","42576912010969239.2"
"ORD-495","05/21/2025","05/23/2025","Standard Class","CUST-495","Customer 495","Consumer","United States","City495","State495","10495","East","Office Supplies","Envelopes","2102198627","2","0.1","229783579219053476.7"
"ORD-496","05/27/2024","06/02/2024","Standard Class","CUST-496","Customer 496","Consumer","United States","City496","State496","10496","East","Office Supplies","Art","232213671","7","0.1","64442677821991574.3"
"ORD-497","05/21/2024","05/26/2024","Standard Class","CUST-497","Customer 497","Consumer","United States","City497","State497","10497","East","Office Supplies","Art","1573350146","6","0.5","418247368257373196"
"ORD-498","07/04/2024","07/10/2024","Standard Class","CUST-498","Customer 498","Consumer","United States","City498","State498","10498","West","Furniture","Furnishings","55705940","8","0.1","616262405721855.00"
"ORD-499","08/23/2025","08/27/2025","Standard Class","CUST-499","Customer 499","Consumer","United States","City499","State499","10499","West","Technology","Machines","1214108124","7","0.3","127699390994959351.80"
"ORD-500","11/01/2025","11/04/2025","Standard Class","CUST-500","Customer 500","Consumer","United States","City500","State500","10500","Central","Office Supplies","Storage","531685848","2","0.1","167426814018226388.00"
